4000 4750
1762 131 2271 209 -10-

602 328 779 402 Idem
821 331 978 429 mihi
1019 333 1261 400 videtur
1301 333 1660 400 mendorum
1713 335 1850 401 fons
1906 334 2096 400 fuisse
2157 333 2245 400 eis
2287 334 2437 400 locis
2455 382 2471 413 ‚
2531 333 2604 399 de
2660 335 2882 418 quibus
2931 336 3065 420 jam
3120 333 3430 421 disputare
3487 335 3643 404 mihi

403 438 707 522 proposui.

1815 536 1922 619 Eq.
1971 536 2094 601 813
2146 555 2237 618 sq.

611 672 800 740 Cleon
826 671 989 756 apud
1015 673 1281 737 Demum
1325 669 1690 753 conquestus
1732 670 1828 733 est
1845 717 1861 748 ‚
1905 669 2067 752 quod
2107 669 2185 734 ab
2227 669 2494 734 isiciario
2537 670 2658 735 sibi
2700 669 3171 752 obtrectaretur,
3216 692 3405 755 quum
3445 675 3646 740 multo

407 774 633 840 melius
692 773 828 856 ipse
865 772 940 837 de
983 772 1236 837 civitate
1277 789 1462 853 quam
1503 770 1602 834 vel
1643 768 2081 835 Themistocles
2133 770 2390 834 meritus
2444 771 2620 836 esset.
2720 770 2798 835 Ei
2841 762 3164 854 respondet
3205 772 3641 857 Agoracritus:

811 867 863 938 ὦ
898 871 1090 948 πόλις
1105 869 1411 957 Ἄργους,
1455 866 1683 934 κλύεθ’
1724 864 1836 935 οἶα
1876 868 2064 950 λέγει.
2112 866 2192 933 σύ
2238 867 2667 950 Θεμιστοκλεῖ
2705 867 3172 956 α’ντιφερίζειςς

748 997 752 1003 ·
813 975 885 1048 ὃς
926 973 1230 1058 ἐποίησεν
1271 969 1395 1055 τήν
1434 968 1636 1034 πόλιν
1677 965 1856 1054 ἡμῶν
1897 969 2142 1055 μεστήν
2184 964 2395 1053 εὖρών
2436 968 2750 1054 ἐπιχειλῆ.

406 1074 808 1158 Opponuntur
850 1076 1011 1140 inter
1041 1093 1107 1139 se
1149 1075 1446 1156 tanquam
1486 1071 1820 1136 contrariae
1861 1071 2127 1136 notionis
2167 1070 2466 1136 vocabula
2504 1067 2737 1152 μεστός
2776 1071 2840 1135 θὴ
2880 1069 3228 1156 ἐπιχειλῆς.
3313 1073 3487 1155 Quod
3526 1093 3645 1158 quo

405 1179 582 1262 pacto
624 1176 758 1242 fieri
802 1177 996 1260 possit
1035 1175 1266 1241 minine
1311 1176 1406 1240 est
1445 1175 1850 1257 perspicuum.
1923 1173 2059 1238 Vox
2103 1173 2267 1239 enim
2310 1168 2640 1256 ἕπιχειλής
2656 1220 2671 1249 ,
2714 1190 2906 1254 quum
2944 1171 3272 1256 desumpta
3312 1173 3397 1239 sit
3439 1194 3476 1241 a
3502 1195 3646 1242 vase

406 1296 597 1361 usque
639 1276 718 1341 ad
759 1276 1103 1361 marginem
1143 1274 1373 1358 repleto
1389 1323 1406 1354 ‚
1451 1273 1610 1338 nihil
1647 1272 1954 1357 significat
1979 1273 2103 1338 nisi
2147 1271 2483 1353 „omnibus
2513 1271 2780 1336 numeris
2808 1271 3066 1337 refertus
3085 1296 3101 1350 3
3121 1275 3159 1307 ‘⁶
3202 1275 3371 1339 vocis
3409 1274 3646 1356 μεστός

406 1370 662 1443 eandem
692 1378 826 1443 -fere
868 1378 996 1442 vim
1033 1396 1163 1444 esse
1180 1425 1196 1456 ‚
1239 1394 1360 1442 non
1401 1376 1496 1440 est
1538 1374 1698 1457 quod
1740 1392 2039 1439 moneam.
2110 1373 2298 1438 Paria
2337 1374 2548 1438 autem
2590 1373 2725 1456 quis
2767 1373 2928 1438 inter
2970 1392 3034 1439 se
3074 1376 3382 1457 opponat?
3456 1376 3645 1443 Scho-

405 1479 590 1544 liasta
632 1498 774 1545 sane
819 1481 883 1544 et
923 1477 1311 1564 grammatici
1355 1477 1607 1561 quidam
1647 1474 1877 1541 vetusti
1922 1474 2040 1557 (cf.
2082 1474 2318 1558 praeter
2357 1473 2508 1538 alios
2549 1474 2707 1539 Poll.
2751 1473 2816 1538 H
2835 1522 2851 1552 ‚
2913 1473 3032 1557 89)
3076 1475 3265 1541 aliam
3307 1495 3437 1544 esse
3475 1478 3645 1543 illius

407 1578 688 1645 vocabuli
714 1579 1024 1646 notionem
1051 1578 1172 1644 sibi
1199 1578 1628 1661 persuaserunt
1641 1624 1657 1655 ‚
1686 1594 1877 1658 quum
1901 1574 2409 1658 interpretentur:
2440 1572 2737 1658 ἐπιχειλῆ
2748 1596 2765 1637 :
2793 1573 3013 1639 ἐνδεᾶ.
3074 1574 3175 1643 Αὴ-
3190 1577 3337 1642 haec
3366 1595 3525 1642 vana
3550 1580 3645 1643 est

358 1729 366 1737 .
409 1678 716 1756 doctrina;
743 1680 843 1745 cui
870 1698 989 1745 non
1019 1679 1276 1745 debebat
1302 1677 1664 1761 applaudere
1691 1674 2063 1762 Ribbeckius
2092 1673 2161 1737 in
2186 1673 2451 1738 editione
2480 1672 2757 1751 fabulae,
2786 1673 2988 1738 totum
3019 1673 3224 1739 locum
3251 1673 3341 1739 sic
3366 1675 3640 1738 vertens·

816 1812 868 1877 Ο
908 1782 1304 1896 Argirisches
1346 1810 1539 1888 Volk‚
1594 1810 1767 1888 hort,
1817 1809 1990 1889 hort,
2031 1822 2155 1872 was
2197 1825 2263 1872 er
2306 1807 2570 1890 spricht!
2669 1808 2792 1872 Mit
2835 1806 3284 1874 Themistokles
3326 1807 3515 1872 willst
3558 1769 3639 1871 du

813 2009 939 2074 Der
982 2009 1077 2075 die
1120 2009 1301 2076 Stadt
1341 2008 1437 2074 bis
1482 2027 1622 2072 zum
1664 2006 2016 2074 Ueberfluss
2074 2007 2203 2072 satt
2243 2026 2357 2071 uns
2398 1907 2900 2090 giimlaoffiissgge?
2930 2028 2999 2072 er
3041 2006 3303 2074 drmlich
3338 2005 3647 2092 yefunden

2431 2108 2563 2173 und
2603 2108 2885 2192 hunqu.

614 2245 756 2311 Non
816 2242 1366 2330 grammaticorum
1418 2246 1760 2311 commenta
1816 2243 1924 2309 sed
1978 2245 2169 2328 ipsius
2227 2245 2393 2312 vocis
2449 2248 2733 2312 naturam
2788 2265 3027 2313 necesse
3048 2241 3175 2312 est
3231 2246 3649 2327 consulamus3

413 2365 607 2430 neque
647 2346 812 2411 unus
854 2345 1020 2411 extat
1060 2345 1260 2424 locus,
1318 2343 1423 2409 ubi
1468 2338 1797 2427 ἕπιχειλῆς
1843 2361 1963 2408 non
2006 2342 2172 2409 idem
2213 2343 2296 2409 sit
2339 2344 2499 2427 quod
2541 2344 2693 2410 alibi
2736 2343 3068 2428 ἷσοχειλής.
3171 2343 3346 2427 Quod
3401 2346 3456 2411 si
3512 2347 3649 2430 quis

414 2447 567 2513 velit
619 2446 982 2512 vocabulum
1037 2444 1366 2531 ἕπιχειλής
1422 2448 1512 2512 ita
1566 2444 1956 2528 interpretari
1974 2493 1990 2524 ‚
2053 2446 2126 2509 ut
2182 2447 2266 2510 sit
2323 2492 2359 2523 ‚‚
2374 2463 2496 2509 non
2538 2445 2848 2511 cumulate
2890 2446 3151 2512 refertus
3168 2449 3225 2526 ‚“
3284 2446 3650 2511 sententiam

412 2549 620 2612 tamen
660 2547 1040 2630 probabilem
1081 2548 1252 2612 eruet
1290 2548 1545 2613 nullam.
1582 2584 1664 2594 —
1705 2547 1871 2612 Nam
1900 2545 2060 2629 quod
2088 2546 2382 2611 Hotibius
2427 2544 2776 2629 (Lectiones
2805 2546 3118 2630 Aristoph.
3150 2567 3209 2632 p.
3241 2547 3362 2632 64)
3393 2549 3650 2628 censuit,

411 2646 778 2725 isiciarium‚
844 2647 916 2710 ut
953 2646 1264 2711 hominem
1306 2645 1613 2729 plebejum
1655 2647 1718 2711 et
1759 2645 2159 2725 illiberalem,
2224 2644 2649 2711 Themistoclis
2712 2645 2924 2712 laudes
2981 2648 3365 2714 arrodentem
3428 2648 3652 2715 facetia

412 2745 712 2812 invidiosa
739 2745 960 2811 dixisse
976 2794 992 2825 ‚
1034 2747 1215 2811 illum
1242 2745 1518 2812 Athenas
1537 2796 1553 2826 ‚
1599 2766 1747 2829 quas
1790 2746 2116 2829 reperisset
2157 2747 2235 2811 ad
2275 2746 2450 2812 labra
2490 2767 2681 2831 usque
2708 2750 2971 2832 repletas
2987 2798 3003 2829 ‚
3045 2749 3287 2832 μεστάς
3320 2750 3652 2815 reddidisse

410 2848 452 2912 i.
478 2866 549 2913 ·e.
593 2848 767 2913 bonis
792 2848 1071 2932 ¹denique
1115 2848 1395 2914 omnibus
1439 2867 1682 2930 prorsus
1727 2848 2179 2925 accumulasse3
2222 2849 2379 2914 hanc
2420 2850 2989 2933 interpretationem
3031 2851 3202 2915 nullo
3252 2847 3650 2915 fundamento

410 2947 530 3011 niti
571 2947 839 3031 apparet.
940 2948 1229 3014 Libenter
1294 2948 1596 3013 isiciarius
1638 2948 2113 3014 Themistoclem
2155 2949 2412 3014 summis
2455 2950 2630 3015 effert
2668 2949 2984 3026 laudibus;
3043 2968 3238 3031 neque
3277 2947 3515 3031 poterat
3555 2943 3651 3008 vir

412 3048 934 3132 praeclarissimus
965 3049 1085 3115 dici
1112 3068 1302 3133 usque
1329 3048 1407 3113 ad
1434 3048 1608 3114 labra
1635 3050 1850 3115 urbem
1875 3049 2173 3132 repletam
2199 3050 2502 3116 invenisse
2516 3099 2533 3130 ‚
2566 3049 2897 3132 siquidem,
2928 3050 3000 3113 ut
3026 3052 3191 3115 recte
3219 3042 3653 3112 animadvertit

412 3149 688 3214 Kockius
704 3196 720 3227 ‚
763 3167 887 3213 non
926 3148 1244 3215 florentem
1285 3150 1474 3229 etiam
1517 3149 1688 3213 auxit
1730 3148 1946 3231 opibus
1963 3198 1978 3227 ‚
2025 3148 2131 3234 sed
2173 3168 2446 3216 eversam
2487 3151 2757 3234 primum
2796 3170 2833 3215 a
2876 3151 3074 3215 Xerxe
3117 3146 3332 3236 deinde
3374 3163 3411 3208 a
3450 3142 3650 3208 Dareo

414 3249 704 3314 restituit.
803 3248 969 3329 Quae
1026 3269 1216 3332 quum
1257 3251 1351 3315 ita
1393 3250 1521 3316 sint
1561 3251 1729 3316 totus
1772 3251 2071 3317 assentior
2117 3250 2354 3317 Kockio
2397 3271 2609 3318 vocem
2649 3250 2894 3334 μεστήν
2943 3247 2981 3314 a
3034 3249 3214 3332 poeta
3252 3245 3647 3329 abjudicanti.

413 3347 645 3413 Dubito
689 3348 928 3427 tamen,
991 3365 1071 3411 an
1111 3349 1338 3413 vitium
1378 3350 1563 3419 altius
1602 3350 1826 3429 lateat,
1884 3369 2071 3433 quam
2111 3350 2318 3416 visum
2360 3352 2463 3417 est¹
2494 3351 2627 3417 viro
2671 3349 3053 3432 doctissimo,
3113 3347 3219 3431 qui
3263 3365 3370 3429 pro
3409 3342 3654 3429 μεστήν

414 3447 512 3513 vel
568 3444 818 3531 λεπτῆν
873 3445 972 3513 vel
1035 3446 1238 3513 simile
1298 3449 1592 3532 quiddam
1647 3450 2038 3515 scribendum
2090 3469 2219 3517 esse
2276 3451 2551 3533 conjecit.
2659 3448 2965 3532 Equidem
3027 3466 3385 3531 persuasum
3439 3446 3653 3525 habeo,

415 3548 924 3614 molestissimum
964 3549 1124 3614 illud
1163 3548 1408 3633 μεστήν
1448 3552 2061 3634 interpretamentum
2104 3570 2234 3616 esse
2276 3552 2428 3616 voci.
2454 3548 2749 3635 ἐπιχειλῆ
2792 3550 3130 3634 adjectum3
3174 3549 3387 3632 quoin
3408 3548 3654 3612 textum

413 3651 653 3733 recepto
699 3649 867 3715 aliud
909 3649 1274 3716 vocabulum
1313 3651 1691 3718 intercidisse
1734 3651 2117 3717 crediderim.
2186 3651 2400 3734 Neque
2439 3670 2593 3735 nego
2611 3701 2626 3730 ‚
2673 3651 3039 3717 sententiam
3082 3649 3203 3715 loci
3243 3649 3490 3714 tantum
3532 3665 3653 3712 non

415 3749 715 3832 desperati
757 3750 947 3815 talem
989 3750 1114 3816 fere
1155 3752 1469 3817 notionem
1510 3752 1757 3835 qualem
1797 3752 2071 3818 Kockius
2113 3754 2434 3818 restituere
2476 3745 2707 3830 voluit,
2745 3750 3085 3833 postulare,
3146 3748 3201 3815 si
3244 3744 3452 3833 εὖρῶν
3490 3748 3654 3811 recte

416 3868 481 3914 se
521 3849 765 3915 habeat.
867 3850 958 3915 At
989 3870 1125 3944 'ego
1187 3851 1303 3917 hoc
1342 3850 1734 3939 participium
1776 3852 2121 3934 quomimus
2164 3854 2380 3935 poetae
2423 3871 2553 3918 esse
2607 3851 2851 3918 credam
2866 3900 2884 3929 ‚
2944 3851 3270 3917 offensione
3325 3848 3491 3913 haud
3532 3846 3656 3911 levi

413 3948 763 4032 prohibeor;
805 3951 1020 4017 haereo
1061 3951 1124 4015 in
1167 3970 1282 4015 usu
1325 3951 1603 4016 absoluto
1621 3999 1637 4030 ‚
1680 3970 1864 4035 quem
1906 3952 2165 4018 dicimus
2186 4001 2201 4030 ‚
2242 3952 2406 4018 vocis
2449 3948 2777 4036 ἐπιχειλῆς
2789 3998 2811 4033 ,
2849 3970 3037 4035 quam
3080 3970 3116 4016 a
3146 3952 3327 4033 poeta
3357 3948 3447 4012 sic
3478 3965 3656 4010 usur-

414 4046 624 4131 patam
665 4068 826 4130 esse,
886 4051 1171 4135 genetivo
1215 4069 1338 4116 non
1379 4051 1617 4134 adjecto
1674 4070 1895 4134 parum
1951 4052 2107 4115 mihi
2162 4051 2489 4135 probatum
2543 4053 2656 4117 est.
2758 4050 3139 4117 Genetivum'
3186 4048 3393 4113 autem
3450 4046 3505 4110 si
3544 4063 3657 4128 pro

411 4150 953 4237 interpretamento
994 4150 1237 4236 μεστήν
1278 4151 1730 4218 restituerimus
1747 4200 1763 4231 ‚
1810 4152 1966 4217 nihil
2006 4152 2313 4236 reliquum
2356 4152 2483 4233 est,
2527 4171 2644 4235 quo
2688 4147 2899 4233 εὑρών
2928 4150 3178 4234 spectet.
3210 4185 3296 4195 —
3317 4193 3332 4233 ·.
3332 4148 3468 4232 Ego
3512 4166 3658 4213 con-

406 4249 554 4333 jicio
596 4250 844 4333 poctam
882 4249 1039 4341 haec¹
1081 4252 1394 4334 scripsisse
