4000 4750
1745 134 2256 208 -26-

382 337 735 404 Dindorfius
777 338 918 404 aut:
981 336 1144 401 ἑκών
1184 335 1394 420 μόνον
1449 337 1488 398 ὁ·
1541 332 1670 398 σιδ.
1732 332 1864 396 κτλ.
1920 333 2066 398 aut:
2122 331 2332 415 μόνον
2393 328 2555 394 ἑκών
2611 332 2652 394 δ
2694 331 2820 395 σιδ.
2869 330 3000 394 κτλ.
3049 330 3436 399 scribendum
3488 348 3619 396 esse

379 440 646 516 censuit:
691 439 988 505 Velsenus
1031 442 1241 521 poetae
1284 440 1431 503 haec
1472 438 1792 502 restituere
1834 436 2088 501 conatus
2132 436 2256 499 est:

1124 543 1195 603 ἓν
1237 538 1350 604 οὐκ
1397 535 1830 602 ἀναδιδάσκει
1876 552 1946 599 σε
1995 535 2122 598 τῶν
2163 533 2400 615 λογίων
2442 531 2626 615 ἑκών,

1116 641 1222 706 ὅτι
1263 641 1339 705 ‘co‘
1386 637 1700 725 σιδηροῦν
1738 638 1948 721 τεῖχός
1989 640 2128 703 ἐστι
2172 645 2285 702 καὶ
2324 636 2536 716 ξύλον.

1761 756 1874 838 Eq.
1923 756 2087 820 1162
2143 775 2234 838 sq.

581 861 767 928 Cleon
808 862 872 925 et
911 859 1243 936 isiciarius,
1300 858 1605 922 certantes
1649 856 1811 920 inter
1853 874 1920 920 se
1958 856 2027 920 in
2069 874 2273 921 amore
2314 874 2422 921 suo
2465 874 2613 940 erga
2655 853 2922 921 Demum
2965 854 3333 920 ostendendo
3352 904 3368 934 ‚
3428 855 3616 920 simul

379 964 691 1042 abierunt,
735 961 918 1039 dona,
960 960 1182 1043 quibus
1211 959 1482 1022 favorem
1510 956 1681 1020 illius
1723 956 2069 1038 captarent,
2109 957 2519 1039 apportatum.
2588 956 2721 1021 Hoc
2762 957 2958 1040 igitur
2993 958 3312 1039 utriusque
3340 955 3614 1020 studium

379 1066 705 1148 respiciens
749 1063 1007 1127 Demos:
1121 1056 1260 1122 ἀλλ’
1303 1056 1343 1141 ή
1382 1052 1676 1140 μεγάλως
1716 1051 2165 1136 εύδαιμονήσω
2210 1051 2488 1139 τήμερον

1115 1153 1249 1223 ύπδ
1292 1157 1423 1221 τῶν
1466 1151 1788 1239 ἐραστῶν,
1832 1155 1914 1238 νή
1955 1152 2080 1236 Δί’,
2122 1153 2165 1240 ἢ
2205 1152 2311 1235 ’γώ
2354 1154 2724 1240 θρύψομαι.

383 1260 814 1347 Θρύπτεσθαι
843 1264 952 1327 aut
978 1262 1073 1327 est
1101 1259 1396 1337 emolliri,
1441 1259 1551 1323 aut
1594 1257 1882 1341 superbia
1923 1257 2161 1337 extolli,
2205 1259 2314 1322 aut
2354 1257 2672 1332 fastidium
2715 1275 2860 1340 prae
2901 1277 2966 1322 se
2996 1258 3171 1323 ferre.
3245 1257 3615 1341 Quocunque

380 1365 560 1429 modo
601 1364 712 1428 hoc
756 1363 1010 1427 verbum
1053 1358 1460 1441 acceperimus
1477 1406 1492 1435 ,
1544 1355 1910 1421 sententiam
1951 1355 2331 1438 probabilem
2374 1355 2543 1421 locus
2586 1358 2838 1422 vexatus
2880 1376 3002 1422 non
3043 1349 3372 1441 praebebit.
3474 1360 3613 1423 Iure

376 1465 570 1547 igitur
628 1462 904 1527 Kockius
946 1461 1110 1525 Mus.
1155 1459 1273 1524 Rh.
1317 1457 1412 1522 IX
1427 1507 1444 1537 ,
1503 1457 1623 1522 537
1682 1475 1771 1539 sq.
1831 1474 1930 1520 eos
1982 1455 2215 1520 refellit
2229 1505 2244 1534 ,
2298 1456 2404 1541 qui
2459 1457 2779 1541 vulgatam
2836 1456 3153 1523 defendere
3211 1459 3611 1536 studuerunt:

377 1568 510 1648 ipse
552 1565 648 1629 vir
691 1563 1078 1629 doctissimus
1123 1561 1529 1644 conjecturam
1573 1558 1928 1641 sagacitatis
1973 1558 2036 1622 et
2077 1557 2416 1641 elegantiae
2458 1557 2639 1622 laude
2681 1558 2987 1642 insignem
3028 1560 3363 1641 prompsit,
3421 1579 3611 1643 quum

375 1685 514 1749 pro:
574 1663 615 1748 ἢ
666 1662 775 1745 ’γώ
829 1660 1184 1746 θρύψομαι
1239 1660 1554 1744 proponit:
1616 1657 1657 1744 ἢ
1698 1656 2137 1744 ’πιτρίψομαι.
2253 1658 2365 1723 Oui
2425 1657 2834 1723 emendationi
2889 1659 3086 1741 primo
3143 1659 3361 1724 obtutu
3422 1660 3611 1724 etiam

373 1767 576 1832 favere
618 1765 861 1830 videtur
903 1762 1261 1828 scholiastae
1315 1760 1767 1844 interpretatio:
1828 1757 1980 1836 ἀντὶ
2022 1759 2138 1824 τοῦ
2179 1757 2704 1846 συντριβήσομαι.
2805 1759 2895 1825 At
2953 1780 3141 1844 quum
3197 1761 3408 1843 pergat
3463 1759 3605 1823 ille:

375 1863 416 1948 ἦ
456 1861 719 1950 σφόδρα
759 1860 1067 1948 τρυφήσω
1109 1867 1221 1925 καὶ
1260 1861 1706 1943 σεμνυνοῦμαι
1722 1907 1744 1942 ,
1791 1849 1904 1925 hoc
1945 1862 2193 1944 quidem
2248 1862 2544 1926 auxilium
2601 1861 2778 1943 perit.
2879 1861 3092 1925 Nihilo
3147 1862 3356 1926 tamen
3410 1859 3606 1925 secius

371 1966 633 2030 libenter
678 1965 777 2028 illi
821 1963 1198 2047 conjecturae
1213 2010 1228 2041 ,
1288 1980 1325 2026 a
1366 1959 1670 2026 Meinekio
1713 1978 1950 2045 quoque
1992 1958 2299 2044 accePtae‚
2358 1960 2788 2045 applauderem
2806 2009 2821 2040 ,
2880 1961 2936 2025 si
2990 1960 3275 2026 omnibus
3339 1959 3610 2025 numeris

373 2086 484 2132 sua
523 2067 587 2132 vi
626 2066 780 2130 mihi
830 2064 1138 2130 videretur
1191 2063 1413 2127 fulciri.
1518 2059 1607 2124 At
1661 2079 1773 2143 ego
1831 2079 1955 2125 non
2009 2061 2301 2145 intellego
2317 2111 2333 2141 ‚
2388 2080 2495 2126 cur
2549 2060 2773 2126 Demos
2794 2109 2810 2140 ,
2868 2080 2942 2125 ne
3001 2063 3346 2126 amatorum
3406 2061 3608 2126 studio

370 2166 579 2249 pereat
640 2165 935 2230 vereatur.
1039 2165 1228 2229 Recte
1287 2162 1453 2227 enim
1515 2161 1792 2244 Engerus
1852 2161 2024 2226 Iahn.
2078 2163 2302 2227 Annal.
2359 2163 2565 2228 LXIX
2581 2212 2597 2242 ‚
2654 2182 2711 2246 p.
2769 2162 2895 2226 370
2952 2157 3178 2227 Kockii
3236 2162 3607 2227 sententiam

369 2267 640 2330 refutans
685 2265 956 2343 monuit,
1003 2263 1287 2329 Cleonem
1330 2264 1392 2326 et
1432 2261 1787 2327 isiciarium·
1814 2280 2007 2345 neque
2051 2265 2233 2328 antea
2271 2265 2338 2328 in
2367 2265 2630 2328 Demum
2672 2261 2943 2328 invectos
2986 2278 3118 2326 esse
3160 2279 3356 2345 neque
3400 2262 3611 2344 postea

368 2367 592 2432 invehi.
654 2402 734 2411 —-
791 2365 936 2431 Alia
991 2365 1191 2430 conati
1249 2363 1393 2429 sunt
1445 2362 1751 2447 Bergkius
1814 2363 1878 2428 et
1930 2360 2262 2441 Velsenus3
2327 2384 2586 2447 quorum
2642 2363 2749 2428 ille
2805 2363 3095 2428 audacius
3156 2363 3367 2446 opinor
3424 2383 3608 2448 quam

367 2467 743 2561 probabilius
785 2466 1072 2550 conjecit:
1124 2460 1262 2527 ύπό
1304 2488 1357 2528 τ.
1405 2463 1496 2548 ἐρ·
1538 2463 1583 2551 ή
1626 2462 2143 2551 διαρραγήσομαι
2163 2514 2183 2548 ,
2235 2468 2335 2532 hic
2349 2516 2363 2545 ,
2419 2467 2781 2534 scholiastae
2824 2466 3032 2531 addita
3073 2466 3607 2550 interpretatione:

367 2568 843 2649 σεμνυνοῦμαιε
1386 2561 1555 2629 ἄλλ’
1600 2559 1639 2649 η’
1678 2562 1972 2647 μεγάλως
2014 2562 2462 2652 εὐδαιμονήσω
2503 2563 2782 2651 τήμερον

1375 2661 1506 2730 ύπδ
1547 2665 1679 2730 τῶν
1720 2665 2047 2748 ἐραστῶν,
2087 2665 2172 2751 νῆ
2212 2664 2337 2750 Δί’,
2377 2665 2532 2748 ἐγώ
2577 2664 2620 2729 δ
2631 2669 2666 2729 ὲ
2704 2656 3073 2751 θρύψομαι.

364 2767 494 2851 Ego
538 2785 679 2832 cum
721 2766 978 2831 Velseno
1020 2784 1130 2848 pro
1179 2764 1321 2829 ἀλλ’
1366 2766 1406 2850 ἢ
1447 2765 1727 2831 existimo
1772 2764 1914 2829 ἄλλ’
1954 2763 1995 2851 ἤ
2039 2760 2485 2833 restituendum
2530 2787 2690 2848 esse,
2750 2769 2815 2834 et
2856 2768 3121 2833 alterum
3161 2765 3203 2851 ἢ
3245 2766 3606 2844 delendum:

366 2868 564 2934 cetera
608 2868 813 2932 autem
855 2868 945 2933 sic
989 2868 1271 2932 emendo.
1371 2864 1515 2931 ἀλλ’
1558 2861 1598 2949 η’
1610 2864 1930 2984 μεγάλως
1971 2864 2427 2954 εὐδαιμονήσω
2467 2866 2784 2953 τήμερον·

730 3000 738 3006 -
1374 2962 1509 3030 ύπο
1549 2965 1680 3030 τῶν
1721 2965 2045 3051 ἐραστῶν,
2088 2968 2169 3052 νή
2212 2966 2315 3033 Δί’
2312 3017 2332 3052 ,
2374 2967 2497 3051 ἐγω
2538 2966 2981 3056 τεθρύψομαι.

363 3070 404 3133 i.
451 3087 500 3133 e.
543 3067 934 3133 felicissimus
978 3067 1242 3150 profecto
1283 3065 1460 3131 hodie
1503 3065 1794 3142 existam,
1835 3066 1911 3130 ab
1955 3068 2330 3134 amatoribus
2384 3069 2639 3154 (enim),
2683 3091 2791 3154 per
2833 3072 3086 3149 Iovem,
3130 3087 3243 3153 ego
3284 3065 3600 3151 splendido

364 3170 528 3235 vitae
570 3170 864 3251 apparatu
911 3167 1202 3259 (τρυφῇ)
1261 3168 1599 3233 instructus
1650 3187 1769 3233 ero.
1868 3168 2229 3251 Asvndeton
2272 3174 2440 3237 omni
2484 3174 2813 3240 offensione
2856 3191 3102 3250 vacare,
3158 3189 3347 3253 quum
3389 3187 3601 3235 versus

362 3271 519 3335 alter
573 3269 838 3334 alterum
893 3269 1183 3350 explicet,
1244 3270 1394 3334 satis
1449 3272 1664 3336 notum
1707 3270 1819 3335 est.
1913 3268 2124 3335 Affero
2161 3272 2369 3337 tamen
2426 3294 2617 3357 pauca
2676 3274 2975 3358 quaedam
3028 3271 3303 3353 exempla
3357 3288 3430 3335 ex
3472 3270 3603 3352 ipso

361 3369 774 3452 Aristophane
821 3368 1158 3450 desumpta.
1258 3370 1370 3452 Eq.
1415 3370 1537 3435 465
1582 3390 1744 3455 sqq.:
1795 3364 2028 3434 οὔκουν
2084 3370 2157 3435 ε’·ν
2188 3370 2405 3457 ’Ἀργει
2446 3372 2511 3456 μ’
2550 3371 2662 3439 οἶα
2704 3372 2981 3458 πράττει
3021 3370 3384 3437 λανθάνει·
3427 3368 3601 3453 πρό-

363 3486 573 3555 φασιν
628 3471 751 3553 μὲν
804 3467 1126 3553 ’Λργείους
1183 3468 1413 3553 φίλους
1473 3465 1624 3554 ήμῖν
1679 3480 1890 3551 ποιεῖ’,
1948 3468 2091 3551 ἰδίᾳ
2152 3469 2210 3534 δ’
2260 3471 2393 3535 ε’κεῑ
2430 3472 2983 3556 Λακεδαιμονίοις
3039 3474 3462 3553 συγγίγνεται.
3524 3507 3603 3517 ——

362 3574 474 3655 Eq.
514 3572 675 3636 1102
720 3590 886 3654 sqq.:
931 3567 1045 3634 οὐκ
1089 3568 1400 3651 ἀνέχομαι
1439 3571 1692 3656 κριθῶν
1728 3571 2015 3636 άκούων·
2061 3572 2377 3649 πολλάκις
2404 3573 2834 3659 ἐξηπατήθην
2861 3569 2996 3638 ύπό
3025 3571 3095 3637 τέ
3127 3579 3246 3638 σοῦ’
3279 3578 3393 3636 καὶ
3422 3577 3600 3637 Θου-

362 3670 632 3755 φάνους.
687 3671 867 3753 Vesp.
901 3671 1020 3735 787
1055 3689 1218 3754 sqq.:
1248 3673 1550 3752 αἴσχιστα
1579 3671 1704 3756 γάρ
1732 3678 1830 3737 τοί
1865 3673 1932 3754 μ’
1958 3673 2771 3759 εἷργάσατοΛυσίστρατος
2797 3669 2835 3737 δ
2862 3674 3242 3759 σκωπτόλης
3260 3695 3274 3709 ·
3308 3671 3603 3759 δραχμὴν

360 3771 498 3853 μετ’
539 3773 700 3854 ἐμοῦ
742 3771 974 3859 πρῴην
1016 3770 1235 3854 λαβών
1276 3771 1498 3837 ἐλθών
1542 3771 2044 3856 διεκερματίζετ’
2089 3774 2162 3838 ε’ν
2201 3787 2337 3848 τοῖς
2377 3773 2645 3856 ἰχθύσιν
2683 3773 2802 3837 κτλ

568 3873 813 3950 Quoties
861 3876 1065 3938 autem
1109 3874 1384 3938 futurum
1426 3876 1696 3957 primum
1725 3894 1832 3957 pro
1875 3877 2082 3941 futuro
2125 3876 2307 3941 tertio
2351 3878 2417 3940 in
2458 3876 2649 3941 libros
2693 3893 2841 3940 mss.
2887 3874 3236 3958 irrepserit,
3279 3870 3600 3955 permultis

364 3974 652 4054 exemplis
721 3974 1101 4042 demunstrat
1157 3974 1417 4042 Cobetus
1473 3976 1769 4042 Mnemos.
1826 3976 1956 4057 III,
2018 3977 2140 4041 292
2208 3997 2297 4059 sq.
2413 3975 2682 4057 Quorum
2752 3994 2783 4040 e
2846 3994 3097 4040 numero
3163 3991 3354 4037 unum
3416 3971 3602 4039 affero

364 4074 500 4138 Pau.
548 4074 700 4150 245,
765 4074 869 4138 uhi
913 4074 1069 4138 vidit
1113 4078 1209 4138 vir
1253 4076 1559 4160 egregius,
1615 4096 1755 4160 pro:
1815 4077 1892 4139 ἰοὶ
1937 4078 2219 4161 Μέγαρα
2262 4073 2517 4159 Μέγαρ’
2558 4071 2643 4151 ὥς
2677 4072 3112 4161 ’ἕπιτρίψεσθ’
3155 4069 3387 4136 αὐτίκα
3452 4074 3602 4138 scri-

360 4174 628 4238 bendum
688 4190 849 4238 esse:
909 4170 961 4234 οἳ
1005 4178 1285 4258 Μέγαρα
1349 4173 1598 4260 Μέγαρ’
1638 4170 1724 4251 ὥς
1779 4174 2281 4259 ἐπιτετρίψεσθ’
2322 4174 2574 4241 αὐτίκα.
2623 4185 2661 4258 5
2682 4179 2940 4243 Diversa
2992 4176 3199 4239 tamen
3253 4174 3367 4240 hoc
3422 4173 3601 4241 Pacis

359 4274 492 4339 luno
548 4278 611 4338 nt
668 4274 777 4339 illo
825 4274 1117 4355 Equitum
1173 4278 1341 4360 orign
1397 4278 1774 4360 corruptelae
1829 4278 1967 4343 fuit.
2067 4277 2164 4341 Ibi
2214 4279 2380 4345 enim
2421 4280 2744 4364 postquam
2797 4276 3191 4361 neglegentia
3250 4276 3487 4362 syllaba
3528 4299 3601 4340 τε
3731 4279 3739 4285 ’

3923 846 3935 985 ...ᾖ
3923 690 3934 809 -.--
3919 468 3932 661 ιιι-ι--
3915 1 3934 455 -..ψ’-ᾑ-
