4000 4750
1706 182 1860 210 *—
1959 112 2264 233 113-

382 354 549 421 Η333
600 355 658 423 31
709 354 1158 423 restituerimus
1178 403 1194 435 ,
1250 373 1441 438 quum
1493 373 1615 421 non
1681 351 1883 423 solum
1921 356 2131 438 prior.
2157 374 2297 438 pars
2345 374 2555 425 versus
2615 356 2855 436 Cleonis
2907 357 3094 425 verba
3150 358 3264 441 (cf.
3309 379 3367 426 v.
3416 360 3619 443 1006)

384 457 667 537 referret,
710 456 818 521 sed
855 457 1045 521 etiam
1088 457 1282 521 altera
1324 475 1361 523 a
1390 455 1831 539 praepositione
1872 462 2028 541 περὶ
2068 445 2394 539 inciperet,
2427 455 2570 533 ,fieri
2609 476 2734 523 ,non
2776 458 3021 541 poterat
3065 459 3210 543 quin
3253 461 3620 543 spectatores

382 576 594 639 parem
636 576 875 641 quoque
919 559 1148 623 exitum
1191 558 1608 641 exspectarent
1650 558 1714 625 et
1757 558 2010 640 decepta
2050 558 2494 640 exspectatione
2534 558 2712 624 valde
2755 558 3213 624 delectarentur.
3300 561 3624 651 Praeterea

381 658 492 722 illa
560 657 976 722 emendatione
1043 660 1286 741 recepta
1345 657 1582 722 Cleonis
1653 656 1892 735 devotio
1967 656 2268 740 tanquam
2338 656 2534 738 ipsius
2594 659 2825 723 oraculi
2884 660 3187 741 particula
3247 662 3621 744 lepidissime

381 758 658 842 fingitur.
761 754 935 841 Quod
989 760 1043 824 si
1089 755 1226 844 qui's
1269 759 1428 825 talia
1467 774 1741 830 sermone
1788 756 2017 829 Graeco
2058 756 2257 822 aliena
2301 775 2430 822 esse
2472 748 2750 839 censeat,
2807 761 3199 829 simillimum
3254 763 3397 829 huic
3436 764 3636 830 affero·

380 852 727 941 exemplum
769 858 921 933 Α311.
964 859 1084 925 196
1126 877 1255 945 sq.·
1323 852 1526 935 αὗται
1570 861 1693 942 μὲν
1735 848 1986 937 ὅζουθ
1999 856 2377 982 ἀμβροσίας,
2400 866 2512 925 καὶ
2554 863 2865 945 νέκταρος

1325 967 1438 1024 και
1477 959 1562 1048 μή
1607 957 1927 1044 ’πιτηρεῖν
1969 956 2121 1023 σιτί’
2162 955 2418 1045 ἡμερῶν
2462 962 2679 1045 τριῶν.
2727 1026 2732 1033 ,

385 1042 600 1127 Finem
645 1061 790 1128 huic
833 1061 1278 1146 disputationi·
1260 1081 1681 1146 1mp0namus:
1723 1063 2008 1128 Vidimus
2047 1063 2244 1146 priore
2278 1060 2408 1127 1333
2454 1061 2552 1144 (v.
2586 1061 2781 1141 1010)
2825 993 3145 1147 vulgatam
3171 1067 3370 1134 multo
3401 1069 3620 1134 melius

381 1181 448 1227 se
488 1163 743 1242 habere,
786 1180 971 1245 quam
1013 1181 1166 1246 quae
1209 1182 1280 1228 ex
1321 1162 1499 1230 libris
1542 1161 1907 1247 quibusdam
1944 1161 2345 1227 deterioribus
2373 1160 2762 1247 Hermannus
2801 1163 3029 1246 aliique
3072 1165 3190 1230 viri
3225 1167 3388 1237 docti
3413 1188 3620 1234 eruere

381 1261 584 1327 conati
613 1262 790 1327 sunt·
776 1312 791 1342 ,
834 1263 979 1330 hinc
1006 1264 1309 1348 sequitur,
1352 1264 1424 1328 ut
1467 1263 1655 1330 etiam
1695 1264 1770 1328 de
1812 1262 2006 1356 altero
2048 1261 2239 1329 codici
2268 1260 2502 1326 Veneto
2543 1241 2694 1326 fides
2722 1261 2896 1327 nulla·
2922 1263 3200 1330 habenda
3227 1266 3330 1331 sit.
3401 1269 3622 1334 Restat

382 1364 455 1428 ut
495 1364 806 1429 videamus
824 1414 840 1444 ,
897 1366 1057 1431 unde
1111 1367 1319 1432 variae
1373 1367 1676 1441 librorum
1730 1385 1875 1431 11133.
1935 1365 2226 1437 lectiones
2282 1364 2448 1428 ortae
2501 1362 2645 1428 sint.
2732 1363 3104 1431 Persuasum
3158 1367 3354 1453 igitur
3408 1370 3619 1448 habe0‚

382 1464 705 1529 librarium
733 1465 916 1529 illum
935 1513 951 1543 ‚
995 1466 1100 1550 qui
1132 1466 1441 1533 Venetum,
1478 1466 1782 1546 exaravit,
1826 1483 2017 1549 quum
2058 1465 2126 1529 in
2168 1463 2445 1545 exemplo
2488 1481 2597 1528 suo
2624 1463 2866 1531 fabulae
2908 1484 2966 1530 v.
3002 1465 3163 1529 1010
3204 1473 3361 1551 περὶ
3389 1463 3617 1533 άπάν-

388 1584 522 1626 των
561 1562 963 1648 πραγμάτων
1000 1568 1324 1650 praebente
1377 1568 1647 1652 margini
1700 1564 2078 1649 adscriptum
2132 1563 2419 1647 legisset,
2476 1564 2548 1628 ut
2597 1564 2834 1633 variam
2890 1564 3251 1631 lectionem:
3323 1568 3402 1631 vd
3458 1572 3621 1645 πέος
3711 1563 3716 1568 ’

391 1659 613 1728 ουτοσὶ
677 1662 925 1745 δάκοι,
976 1667 1048 1732 13
1105 1686 1387 1747 errorem
1423 1667 1761 1735 adductum
1810 1666 1976 1732 exitu
2042 1685 2099 1731 v.
2148 1665 2310 1731 1029
2366 1664 2557 1731 simili
2623 1658 2697 1747 (ο
2752 1671 2908 1751 περὶ
2962 1667 3086 1730 τοῦ
3136 1665 3331 1743 κυνδς
3388 1666 3618 1756 δάκη),

389 1765 577 1831 3311113
627 1766 1050 1833 aberrantibus
1113 1765 1302 1832 verba
1354 1766 1466 1833 illa
1523 1785 1644 1836 333
1701 1768 1904 1835 versui
1964 1765 2127 1831 1010
2184 1765 2332 1849 sed
2325 1784 2405 1829 v.
2456 1764 2618 1828 1029
2678 1766 2981 1849 adjecisse.
3079 1767 3302 1835 Postea
3356 1788 3619 1835 errorem

383 1865 822 1933 animadvertit
863 1862 927 1931 et
967 1866 1211 1932 delevit.
1295 1867 1528 1938 Prioris
1571 1868 1780 1932 autem
1821 1866 1941 1934 loci
1985 1867 2190 1932 variae
2231 1865 2520 1930 lectiones
2553 1848 2711 1930 unde
2741 1867 2907 1930 ortae
2937 1866 3064 1931 sint
3091 1867 3226 1932 luce
3253 1868 3349 1935 est
3374 1870 3618 1936 clarius.

248 2022 263 2031 .
389 1965 557 2029 Nam
598 1984 785 2049 quum
829 1965 1082 2030 initium
1125 1985 1334 2033 versus
1381 1967 1542 2032 1010
1587 1967 1752 2031 idem
1795 1968 1955 2032 esset
2003 1966 2188 2049 atque
2240 1986 2299 2032 v.
2347 1966 2542 2047 1006,
2587 1965 2745 2050 quid
2785 1963 3031 2079 facilius
3071 1969 3313 2050 poterat
3353 1971 3621 2037 accidere

381 2065 618 2152 scribae
659 2067 1045 2179 neglegenti,
1089 2080 1274 2151 quam
1317 2068 1389 2133 ut
1430 2068 1634 2133 totum
1676 2087 1920 2133 versum
1960 2066 2188 2133 iterum
2229 2053 2553 2134 exararet?

1753 2184 1867 2269 Eq.
1914 2186 2080 2249 1045
2122 2205 2523 2269 sqq..

585 2284 836 2352 Praeter
877 2285 1002 2350 alia
1043 2284 1229 2352 Cleon
1272 2285 1460 2351 etiam
1502 2287 1818 2353 oraculum
1860 2285 2167 2369 quoddam
2210 2287 2284 2352 de
2324 2286 2496 2353 leone
2536 2285 2801 2368 protulit
2834 2285 3053 2351 multis
3092 2305 3222 2367 pro
3240 2286 3435 2351 Demo
3479 2306 3618 2353 cum

381 2385 678 2456 culicibus
734 2388 1096 2471 pugnaturo.
1193 2387 1455 2460 Leonem
1523 2388 1729 2509 31113111
1788 2407 1981 2472 quum
2037 2388 2244 2511 ipsum
2300 2387 2634 2483 significari
2688 2388 3047 2474 contendat,
3102 2388 3334 2453 exitum
3391 2390 3619 2513 oraculi

383 2487 607 2552 callide
649 2489 738 2553 sic
779 2487 1214 2569 conformavit:
2155 2489 2275 2555 τὸν
2317 2489 2397 2555 σύ
2437 2479 2733 2580 φύλὰσσε

1129 2579 1343 2675 τεῗχος
1376 2593 1683 2680 ποιήσας
1699 2593 1970 2671 ξύλινον
2010 2590 2295 2682 πύργους
2332 2615 2404 2656 τε
2447 2589 2765 2720 σιδηροῦς.

388 2691 559 2759 Haec
600 2692 795 2776 igitur
832 2693 1162 2777 respiciens
1184 2695 1504 2768 isiciarius
1546 2717 1646 2764 vr.
1678 2696 1840 2764 1045
1888 2714 2056 2781 sqq.·
2360 2755 2392 2763 ,.

296 2803 305 2810 ’
1134 2797 1208 2859 ἓν
1248 2792 1369 2862 οὐκ
1411 2779 1850 2862 ἀναδιδάσκει
1892 2813 1965 2864 σε
2010 2797 2153 2868 τῶν
2180 2794 2415 2876 λογίων
2456 2793 2651 2877 ἑκών,

655 2940 663 2947 ·
1129 2896 1170 2958 ὃ
1210 2893 1417 2978 μόνον
1457 2896 1770 2981 σιδηροῦν
1809 2896 1950 2966 ἐστι
1987 2906 2216 2979 τεῖχος
2238 2901 2351 2960 και
2391 2893 2620 2972 ξύλων.
2671 2962 2676 2967 ,

385 2993 506 3058 Pro
547 2991 686 3057 ἐστι
728 2977 941 3074 τέϊχος
978 2995 1221 3062 inverso
1269 2996 1477 3062 ordine
1526 2997 1852 3070 verborum
1910 2999 2189 3068 γΡΓΘΔ
2238 2997 2561 3086 praebent.
2624 2993 2835 3076 τεῖχός
2876 2994 3012 3058 ἐστι
3027 3040 3050 3077 ,
3105 3011 3211 3077 pro
3251 2992 3464 3069 ξύλων
3519 2994 3615 3059 331

388 3093 456 3158 13
515 3093 595 3157 V¹
622 3099 707 3160 1Ἶι
750 3093 981 3176 ξύλον,
1026 3097 1095 3164 13
1134 3101 1221 3162 Μ
1225 3104 1251 3139 ²
1280 3097 1368 3163 V²
1381 3101 1469 3161 1'2
1511 3095 1796 3174 ξύλινον.
1884 3097 2150 3164 Maxime
2191 3096 2368 3162 libris
2410 3115 2556 3162 mss.
2602 3114 2770 3175 eam,
2814 3113 3002 3179 quam
3043 3112 3227 3176 supra
3264 3094 3618 3175 recepimus,

390 3193 755 3277 scripturam
797 3195 1219 3262 confirmatam
1261 3214 1392 3262 esse
1433 3199 1715 3279 apparet·
1698 3244 1716 3273 ,
1759 3196 1931 3280 cujus
1971 3195 2123 3264 haec
2164 3197 2259 3261 est
2287 3196 2621 3261 sententia:
2665 3196 2901 3274 Unum,
2933 3194 3095 3278 quod
3121 3194 3262 3260 est
3245 3214 3312 3258 1n
3342 3192 3622 3271 oraculis,

388 3313 512 3360 non
552 3314 665 3362 sua
704 3297 918 3380 sponte
956 3297 1018 3362 te
1060 3296 1267 3377 docet,
1321 3296 1482 3380 quod
1536 3296 1737 3387 solum
1792 3295 2103 3383 significat
2158 3315 2369 3362 murus
2426 3297 2667 3362 ferreus·
2712 3297 2777 3361 et
2832 3296 3005 3379 ligno
3062 3295 3386 3361 confectus.
3487 3292 3621 3356 Hac

393 3394 693 3462 sententia
734 3396 972 3464 nullam
1014 3396 1257 3464 invenio
1275 3444 1292 3476 ,
1342 3413 1494 3480 quae
1535 3397 1736 3481 magis
1778 3397 2031 3481 placeat.
2101 3396 2339 3464 Haereo
2379 3397 2589 3461 tamen
2630 3395 2697 3460 in
2740 3395 3079 3460 elocutione
3105 3392 3310 3459 minus
3329 3440 3344 3470 ,
3390 3391 3622 3471 opinor,

388 3495 713 3573 concinna,
697 3519 711 3534 ·
766 3514 954 3590 quare
996 3489 1121 3561 non
1160 3496 1410 3575 dubito,
1454 3498 1602 3580 quin
1644 3499 1826 3579 poeta
1865 3498 2064 3562 multo
2107 3496 2447 3579 elegantius
2491 3495 2838 3578 scripserit:
2909 3494 2949 3555 ὁ·
2989 3490 3196 3574 μόνον
3253 3488 3524 3573 σιδήρου
3568 3486 3626 3568 γ’

319 3666 324 3672 ,
376 3591 527 3666 ,ἐστι
567 3606 781 3677 τεῖχος
818 3601 929 3662 καὶ
968 3594 1176 3673 ξύλων
1234 3595 1345 3675 (cf.
1388 3615 1475 3661 v.
1470 3597 1688 3664 ,1310
1742 3597 1939 3681 εἴπερ
1988 3595 2060 3660 ἐκ
2116 3591 2244 3662 nsi
2246 3617 2358 3679 κης
2414 3616 2483 3675 γε
2537 3592 2713 3675 καγω
2766 3599 2880 3658 και
2927 3591 3139 3669 ξύλων
3180 3587 3620 3674 ἐπηγνύμην).

390 3698 558 3764 Η133
599 3696 896 3777 quomodo
937 3699 1168 3785 ceterae
1210 3697 1545 3781 scripturae
1601 3700 1770 3764 ortae
1825 3698 1994 3765 3131
2002 3717 2127 3763 333
2181 3716 2330 3782 opus
2380 3699 2476 3765 est
2529 3697 2846 3780 explicare.
2945 3681 3357 3759 Admirationi
3412 3690 3623 3755 autem

388 3799 544 3863 mihi
588 3781 838 3881 quidem
879 3801 1006 3877 est,
1064 3799 1223 3883 quod
1265 3800 1386 3865 viri
1435 3799 1628 3879 docti,
1688 3818 1875 3882 quum
1933 3777 2230 3870 facillima
2284 3797 2524 3864 medela
2571 3797 2642 3862 in
2697 3796 2986 3879 promptu
3042 3793 3235 3873 esset,
3291 3792 3364 3855 ut
3418 3789 3623 3854 labem

396 3900 699 3978 eluerent,
740 3900 872 3965 ausi
914 3901 1061 3966 sunt
1086 3901 1370 3966 extrema.
1429 3897 1691 3967 Cobetus
1722 3900 1921 3980 enirn,
1963 3919 2004 3965 a
2043 3898 2346 3964 Meinekio
2388 3899 2450 3963 et
2475 3897 2812 3966 Ribbeckio
2854 3895 3175 3972 laudatUS,
3217 3890 3623 3957 audacissime

394 3999 679 4082 conjecit:
1128 4001 1200 4063 ἓν
1243 3998 1303 4061 δ’
1342 3996 1458 4066 ,οὐκ
1478 4000 1525 4079 ¹)
1570 3997 2008 4067 ἀναδιδάσκει
2048 4014 2121 4062 σε
2164 4019 2297 4062 των
2336 3997 2573 4079 λογίων
2612 3994 2850 4081 μόνον,

1033 4173 1040 4178 ,
1133 4099 1237 4167 ὅτι
1275 4102 1351 4164 τὸ
1395 4099 1708 4185 σιδηροῦν
1748 4101 1886 4165 ἐστι
1929 4111 2138 4182 τεῖχος
2179 4105 2289 4165 καὶ
2329 4097 2549 4176 ξύλον.

605 4304 644 4370 ¹)
696 4302 818 4394 jure
851 4318 947 4357 suo
979 4303 1062 4359 vir
1093 4263 1457 4372 sagacissimus
1496 4297 1548 4357 δ’
1583 4300 1807 4358 addidit.
