4000 4750
1718 144 2178 221 ...2-

322 346 623 434 siquidem
690 344 829 414 aliis
896 346 1048 414 locis
1067 395 1085 427 ‚
1155 343 1263 412 ubi
1335 342 1547 412 eadem
1610 343 1915 412 locutione
1979 346 2416 431 Aristophanes
2486 344 2686 412 utitur
2702 393 2720 425 ,
2802 343 3167 430 simpliciter
3238 343 3372 429 ejus
3453 347 3568 426 est,

324 450 428 532 qui
499 447 646 531 quid
717 447 795 514 ab
838 448 1031 513 altero
1078 444 1420 529 appelletur
1433 486 1452 523 ,
1508 444 1848 529 interrogat
1898 448 2023 529 (cf.
2080 448 2236 513 Ran.
2294 446 2451 522 3123
2511 446 2630 510 Av.
2688 444 2836 529 49).
2929 445 3146 529 Itaque
3202 445 3418 511 dubito
3488 465 3566 510 an

323 568 534 614 servus
579 568 752 613 erum
792 547 1140 630 alloquatur
1181 546 1537 629 pronomine
1566 537 1760 621 οὗτος
1771 583 1797 627 5
1835 546 1936 619 hic
1962 566 2108 613 vero
2124 595 2141 626 ‚
2185 565 2375 629 quum
2405 546 2611 612 videat
2638 547 2822 611 illum
2849 546 3077 612 infecta
3103 565 3168 611 re
3197 546 3557 625 venientem,

322 669 462 714 eum
516 648 935 732 indignatione
991 647 1092 713 vel
1142 645 1547 712 admiratione
1599 649 1883 732 quaerat:
1963 651 2030 712 τί
2085 646 2297 731 §cmm
2362 645 2444 712 οὐ
2494 649 2751 735 ‹peneus-3
2821 648 3080 713 Minime
3138 649 3305 712 enim
3365 648 3563 713 credi-

323 752 515 818 derim
570 750 876 816 doctrinae
919 748 997 814 ab
1038 748 1383 814 Hamakero
1424 747 1719 814 Mnemos.
1761 748 1854 814 VI
1894 768 1951 833 p.
1982 750 2107 814 212
2148 750 2488 832 propositae
2503 797 2520 828 ‚
2577 767 2877 831 nusquam
2930 748 3244 813 dominum
3297 768 3336 814 a
3394 769 3565 815 servo

322 871 466 918 voce
508 844 696 927 οὗτος
737 848 1063 933 appellari3
1106 849 1204 914 cui
1244 867 1365 915 non
1408 848 1609 915 solum
1625 898 1643 930 ,
1700 869 1881 934 quem
1922 852 2019 917 vir
2062 851 2454 918 doctissimus
2497 850 2768 916 mutavit
2815 851 2970 919 Rau.
3013 850 3136 914 312
3153 897 3169 929 ‚
3228 850 3334 915 sed
3378 851 3566 916 etiam

321 953 593 1036 ejusdem
634 950 876 1029 fabulae
922 970 976 1016 v.
1020 949 1144 1017 479
1189 949 1411 1015 obstat.
1505 950 1590 1017 Et
1643 951 1972 1037 nimirum,
2031 972 2185 1036 quae
2244 952 2392 1018 tunc
2436 952 2698 1018 Athenis
2741 970 3055 1018 servorum
3096 950 3369 1016 condicio
3413 951 3563 1028 erat,

321 1074 437 1119 non
496 1054 791 1135 poterant¹
847 1051 935 1117 eri
989 1050 1477 1116 familiaritatem
1535 1069 1744 1117 eorum
1806 1053 1903 1118 vel
1950 1053 2340 1119 insolentiam
2397 1053 2724 1118 continere.
2784 1086 2864 1098 —-
2921 1051 3134 1117 Potest
3189 1053 3396 1115 tamen
3456 1051 3566 1114 hoc

319 1156 450 1219 loco
479 1154 668 1219 etiam
699 1153 903 1235 ipsum
931 1170 1261 1239 pronomen
1294 1151 1471 1216 Bello
1505 1151 1795 1233 attribui,
1839 1153 1911 1218 ut
1936 1153 2120 1219 unius
2150 1154 2278 1220 sint
2304 1153 2541 1220 omnia:
2585 1147 2779 1229 οὗτος
2792 1197 2822 1234 ‚b
2858 1153 2922 1215 τί
2949 1149 3160 1221 ἔστιν,
3195 1146 3280 1215 οὕ
3303 1151 3565 1238 φέρειςς

323 1255 442 1336 (ef.
488 1254 601 1337 Eq.
644 1254 786 1318 240.
836 1253 1031 1333 1354,
1075 1252 1240 1319 Nub.
1292 1253 1446 1333 723,
1491 1254 1634 1321 Pac.
1679 1256 1834 1337 682,
1879 1256 1999 1324 Av.
2048 1257 2228 1323 1164.
2278 1256 2459 1336 1567,
2502 1255 2670 1322 Plut.
2716 1255 2841 1321 440
2860 1256 2905 1337 ).

1698 1356 1842 1441 Lys.
1887 1357 1971 1422 54
1986 1394 2068 1404 —
2082 1358 2184 1423 59.

523 1456 868 1538 Lysistrata
909 1457 1254 1529 concionem
1310 1455 1641 1522 mulierum
1683 1456 2158 1524 Atheniensium
2216 1458 2597 1535 convocavit,
2656 1474 2916 1539 quarum
2972 1473 3162 1537 quum
3206 1455 3374 1520 certa
3418 1454 3568 1519 hora

323 1558 496 1624 nulla
516 1558 696 1636 adsit,
717 1556 1081 1622 feminarum
1103 1556 1422 1621 levitatem
1444 1556 1977 1627 vehementissime
1994 1561 2405 1643 conqueritur.
2435 1558 2707 1624 Tandem
2724 1556 3005 1623 Calonice
3023 1556 3276 1622 accedit.
3315 1554 3464 1621 Incu
3471 1557 3568 1621 sat

323 1659 433 1723 illa
475 1658 801 1742 segnitiem
843 1655 1170 1721 mulierum
1189 1703 1206 1735 ,
1264 1656 1411 1722 haec
1459 1658 1705 1723 excusat
1743 1678 2096 1743 moramque
2137 1678 2260 1726 non
2302 1660 2513 1743 culpae
2568 1659 2655 1724 eis
2698 1657 3088 1725 tribuendam
3133 1676 3266 1722 esse
3302 1657 3562 1739 probare

324 1759 553 1824 amicae
596 1757 821 1823 studet.
912 1755 1148 1823 Deinde
1191 1756 1604 1839 exspectantes
1645 1759 1841 1827 socias
1883 1760 1958 1826 de
1997 1761 2251 1827 consilio
2303 1779 2417 1829 suo
2460 1760 2927 1828 confabulantur
2970 1777 3162 1842 usque
3219 1758 3315 1823 ad.
3363 1778 3421 1823 v.
3465 1758 3563 1820 53.

326 1859 655 1945 Sequentia
696 1859 882 1942 vulgo
925 1857 1014 1924 sic
1055 1857 1378 1941 leguntur:

659 1962 842 2024 ΛΥΣ.
934 1953 1041 2042 ἆρ’
1082 1955 1163 2022 οὐ
1204 1969 1522 2042 παρεῖναι
1564 1958 1685 2035 τοὶς
1725 1972 2039 2041 γυναῖκας
2081 1959 2223 2048 δῆτ’
2263 1963 2492 2047 ἐχρῆνς

665 2061 858 2128 ΚΑΛ.
936 2056 1013 2123 οὕ
1055 2058 1196 2140 γοῖρ.
1218 2058 1314 2139 μοὶ
1353 2061 1472 2128 Δί,
1522 2058 1695 2125 ἀλλὰ
1738 2064 2106 2145 πετομένας
2147 2061 2331 2147 ἥκειν
2375 2061 2608 2130 πάλαι.

663 2166 849 2225 ΛΥΣ.
938 2155 1082 2223 αλλ’
1125 2156 1177 2222 ὦ
1220 2158 1376 2241 μέλ’,
1418 2158 1579 2245 ὄψει
1621 2183 1726 2226 τοι
1769 2161 2004 2249 σφόᾶρ’
2047 2160 2255 2239 aurcis·
2295 2160 2632 2241 Ἀττικάς,

935 2260 1208 2323 ἅπαντα
1252 2258 1509 2344 δρώσας
1550 2262 1667 2326 τοῦ
1708 2260 1976 2340 δέοντος
2016 2262 2312 2348 ὕστερον.

935 2358 1080 2426 ἀλλ’
1122 2357 1277 2426 οὐδὲ
1319 2358 1643 2444 παράλων
1685 2360 1963 2447 οὐδεμία
2007 2363 2168 2449 γυνή
2210 2362 2433 2447 πάρα,
2851 2441 2862 2447 l

937 2458 1076 2525 οὐδ’
1118 2461 1188 2525 ἐκ
1231 2460 1621 2544 Σαλαμῖνος.
1714 2466 1909 2529 ΚΑΛ.
1967 2463 2111 2530 ἀλλ’
2152 2465 2399 2530 ἐκεῖναί
2439 2460 2622 2545 γὀἶδ’
2666 2464 2767 2529 ὅτι

934 2563 1049 2626 ἐπὶ
1089 2564 1222 2626 τῶν
1266 2560 1553 2649 κελήτων
1598 2563 2023 2651 ‹haffn-ficiam?
2064 2564 2359 2650 ὄρθριαι.

531 2669 704 2732 Haec
766 2688 1157 2755 personarum
1218 2670 1570 2738 distributio
1634 2687 1843 2734 vereor
1859 2716 1876 2747 ‚
1940 2686 2018 2733 ne
2073 2686 2198 2733 non
2252 2669 2418 2736 recta
2475 2667 2588 2731 sit.-
2685 2665 2971 2749 Namque
3030 2684 3220 2748 quum
3287 2663 3570 2731 Calonice

330 2792 386 2837 V.
425 2772 498 2834 15
541 2788 670 2851 sqq.
715 2771 1123 2855 Lysistratam
1174 2771 1563 2839 vehementer
1616 2768 1711 2835 ira
1760 2769 2134 2835 commotam
2189 2766 2430 2850 placare
2483 2766 2824 2831 studuisset
2864 2765 2964 2831 his
3005 2765 3246 2832 verbisz

2292 2865 2459 2951 ἀλλ’,
2501 2863 2552 2932 ὦ
2595 2867 2911 2955 φιλτάτη,
2996 2903 3016 2937 ,-

1138 2971 1381 3056 ἧξουσι.
1463 2970 1720 3055 χαλεπή
1760 2971 1868 3033 τοι
1913 2971 2239 3051 γυναικῶν
2280 2967 2514 3047 ἔξοὰος
2555 2968 2690 3034 κτλ.
2714 3015 2730 3046 ,

330 3093 449 3139 11011
492 3074 696 3156 potest
734 3073 945 3139 eadem
989 3074 1181 3139 altero
1236 3075 1369 3139 loco
1425 3072 1688 3137 amicam
1743 3072 1932 3136 etiam
1988 3072 2190 3154 magis
2251 3073 2640 3149 exacerbar03
2698 3069 3111 3136 exacerbantis
3165 3068 3370 3132 autem
3426 3062 3571 3127 sunt

329 3174 473 3239 illa:
518 3170 604 3237 ου’
645 3169 766 3257 γάρ
811 3209 890 3218 -
938 3171 1168 3237 πάλαι.
1258 3173 1391 3256 Ego
1431 3190 1549 3236 non
1593 3170 1809 3236 dubito
1832 3171 2211 3255 Lysistratus
2252 3172 2414 3237 hunc
2456 3190 2701 3238 versum
2742 3170 3123 3245 continuare,
3167 3167 3259 3230 ita
3298 3164 3371 3229 ut
3419 3164 3570 3227 haec

328 3275 466 3357 ipsa
507 3273 693 3341 verba
747 3293 859 3339 sua
898 3274 1194 3357 tanquam
1235 3273 1483 3339 infirma
1522 3273 1822 3357 corrigat,
1878 3273 2185 3358 gravitate
2223 3292 2435 3338 eorum
2489 3272 2555 3336 in
2597 3271 2797 3353 majus
2838 3269 3034 3333 aucta.
3092 3293 3192 3314 --*‘
3233 3264 3568 3348 Sequentes

329 3376 534 3441 autem
578 3394 787 3441 versus
833 3375 1016 3454 duos,
1056 3375 1163 3456 qui
1195 3374 1539 3439 excusantis
1567 3375 1729 3439 sunt
1751 3392 1873 3439 nen
1924 3374 2365 3456 vituperantis,
2393 3372 2715 3438 Calonicae
2751 3368 3090 3434 attribuens
3135 3367 3334 3431 totum
3369 3367 3570 3431 locum

331 3478 419 3542 sic
460 3476 690 3543 Scribo:
749 3479 937 3539 ΛΥΣ.
995 3470 1098 3558 αρ’
1144 3473 1284 3538 οτῖ-
1309 3472 1523 3539 πάλαι
1568 3477 1761 3540 ΚΑΛ.
1807 3472 1949 3539 om:
1990 3497 2106 3538 ω·
2126 3472 2413 3556 ὕστερον
2501 3478 2567 3534 A
2581 3475 2704 3536 ΥΣ
2749 3466 2896 3534 om?
2940 3491 3021 3532 m
3003 3465 3099 3531 ’,δὲ
3121 3466 3574 3548 -Σαλαμῖνος,

336 3579 525 3643 ΚΑΛ.
589 3575 732 3641 αλλ’
774 3578 1082 3644 ἐκεῖναι·
1046 3574 1406 3661 -ὄρθριαι,
1524 3603 1529 3610 ·

1632 3747 1822 3820 Eccl.
1874 3748 1984 3826 82
1997 3747 2306 3820 --109.

534 3879 858 3957 Μ11116163,
903 3897 1055 3962 quae
1099 3880 1327 3946 vestitu
1368 3879 1704 3962 habituque
1746 3878 1913 3943 virili
1970 3854 2036 3942 111
2071 3876 2416 3943 contionem
2456 3876 2656 3942 iturae
2683 3813 2875 3955 311111,
2931 3874 3316 3958 rogationem
3371 3871 3569 3935 latum

331 3981 409 4046 ad
451 3981 742 4064 populum
801 3979 876 4045 de
933 3979 1458 4046 administratione
1512 3978 1889 4061 reipublicae
1934 3979 2014 4043 ad
2065 3978 2326 4043 feminas
2386 3976 2739 4058 deferenda,
2796 3978 2870 4042 ut
2927 3977 3001 4041 de
3055 3976 3157 4041 via
3211 3974 3276 4038 et
3317 3971 3568 4049 ratione,

330 4101 451 4166 qua
493 4081 810 4147 efficienda
853 4083 1013 4147 esset
1048 4101 1145 4147 res
1173 4099 1331 4147 nova
1366 4081 1547 4163 atque
1574 4079 1879 4158 inaudita,
1917 4078 2079 4143 inter
2106 4097 2172 4144 se
2200 4078 2713 4159 colloquerentur,
2742 4079 2886 4142 ante
2915 4077 3114 4141 lucem
3144 4072 3568 4140 convenerunt.

331 4184 677 4266 Praxagora
690 4230 706 4261 ‚
750 4181 921 4265 cujus
950 4180 1275 4266 primariae
1303 4181 1448 4245 sunt
1490 4179 1692 4262 partes
1709 4228 1726 4259 ‚
1769 4179 2059 4263 exquirit,
2103 4198 2252 4244 num
2279 4180 2554 4246 accurate
2582 4178 2787 4254 omnia
2805 4227 2821 4258 ‚
2865 4195 3018 4260 quae
3055 4174 3215 4242 inter
3243 4191 3344 4238 eas
3381 4190 3571 4255 nuper

329 4283 757 4358 convenerant,
785 4281 1176 4362 providerint.
1250 4279 1494 4345 Profert
1518 4280 1653 4345 alia.
1681 4279 1851 4345 aliud
1869 4328 1885 4361 ‚
1926 4280 1999 4352 ut
2043 4279 2351 4359 ostendat,
2395 4282 2758 4368 quantopere
2788 4278 2859 4344 ut
2884 4276 3003 4344 viri
3031 4293 3216 4357 quam
3246 4273 3568 4339 simillima
