4000 4750
1831 124 2289 221 -54

778 356 834 414 Γ
828 358 895 415 Ρ.
920 361 998 415 Λ.
1046 350 1124 414 οὔ
1167 349 1347 435 δῆτα.
1443 356 1707 413 ΝΕΛΝ.
1758 355 1821 413 τί
1864 351 1986 432 γάρ
2032 347 2117 411 ἄν
2162 354 2308 431 γραῒ
2348 347 2548 408 καινά
2594 369 2687 420 τις
2728 344 2939 423 λέγοις

781 454 985 516 IRA.
1032 453 1115 514 015
1156 449 1399 532 τούμὸν
1439 449 1744 535 ὀδυνήσει
1789 468 1861 514 σε
1906 454 2122 533 γῆρας.
2217 450 2465 511 ΝΕΑΝ.
2517 445 2689 510 <iud
2732 449 2828 522 τί;

788 553 1069 636 ἥγχουσα
1113 546 1364 634 μᾶλλον
1407 559 1518 613 καὶ
1561 551 1634 613 τό
1679 550 1799 615 σόν
1842 549 2211 637 ψιμύθιονς

784 656 986 717 IRA.
1032 658 1096 716 τί
1135 676 1248 734 μοι
1293 650 1582 732 διαλέγει
1602 678 1619 730 ;,
1674 655 1929 715 ΝΕΑΝ.
1977 651 2054 714 σὺ
2099 650 2172 715 δὲ
2216 651 2279 713 τί
2323 646 2738 727 ‹imminuas-3
2801 650 3003 710 [ΡΑ.
3055 644 3203 723 ε’γώι

780 751 922 836 ᾅδω
965 753 1130 834 πρὸς
1171 753 1459 835 ἐμαυτὴν
1498 752 1810 832 Ἐπιγένει
1854 750 2045 835 τώμῷ
2088 750 2280 837 φίλῳ.

786 856 1034 920 ΝΕΑΝ.
1085 863 1188 918 σοὶ
1230 855 1352 947 γάρ
1397 854 1586 940 φίλος
1625 857 1720 930 τίς
1762 854 1939 917 ἐστιν
1980 853 2168 928 ἄλλος
2210 851 2248 936 ἢ
2290 855 2517 934 Meam

788 958 972 1021 IRA
1034 955 1233 1031 δείξει
1277 977 1344 1035 γε
1390 962 1501 1018 καὶ
1541 956 1669 1018 σοί·
1721 952 1887 1048 τάχα
1933 954 2057 1035 γάρ
2102 950 2267 1017 εἰσιν
2309 950 2393 1027 ὡς
2440 953 2563 1033 ἐμέ.

779 1053 888 1119 ὁδί
929 1078 1052 1138 γαρ
1098 1053 1293 1130 αὐτός
1334 1057 1512 1118 ἐστιν
1624 1062 1734 1117 ΝΙ·
1728 1042 1875 1116 ’.ΑΝ
1927 1054 2004 1118 οὐ
2046 1057 2166 1119 σοῦ
2210 1052 2286 1134 γ’,
2328 1051 2615 1136 ωλεθρε,

779 1154 1086 1237 δεόμενος
1130 1152 1341 1219 οὐδέν.
1428 1162 1545 1221 112
1567 1162 1652 1219 A
1703 1154 1782 1238 νῆ
1820 1156 1944 1234 Δι,
1988 1180 2039 1218 ω
2081 1157 2310 1240 φθίνυ.
2310 1154 2421 1218 {Za
2466 1155 2576 1235 σύ,

785 1258 1033 1319 ΝΕΑΝ
1081 1255 1281 1332 δείξει
1325 1254 1468 1337 τάχ’
1505 1253 1729 1336 αὐτός,
1772 1253 1854 1330 ὥς
1896 1254 2074 1337 ἔγωγ’
2115 1256 2508 1338 ἀπέρχομαι.

644 1359 919 1441 Apparet
973 1359 1134 1425 vices
1191 1379 1586 1443 personarum
1638 1379 1759 1424 non
1817 1361 2092 1443 integras
2134 1379 2280 1424 esse.
2363 1361 2503 1425 Iure
2544 1378 2651 1424 333
2694 1328 3029 1439 Bergkius,
3093 1356 3292 1419 Meine
3282 1356 3464 1432 kiuS,
3527 1352 3677 1415 Din-

437 1460 669 1524 dorfius
697 1460 896 1541 (Poet.
928 1458 1100 1525 Scen.
1132 1459 1366 1526 Graeci.
1398 1460 1562 1543 Lips.
1598 1460 1787 1541 1867)
1810 1460 1857 1541 ¹)
1890 1457 2378 1527 113111313ιῖσοῦ
2409 1456 2466 1540 γ’
2462 1506 2486 1542 ,
2523 1455 2815 1542 mlxv-,os
2855 1453 3160 1538 δεόμενος
3196 1452 3394 1519 οὐδέν
3419 1453 3678 1528 vetulae,

438 1559 852 1642 insequentia:
896 1559 975 1645 νή
1004 1558 1107 1625 Aa
1107 1608 1125 1639 ,
1155 1583 1207 1623 ω
1236 1558 1578 1645 φθίνυλλα
1607 1556 1721 1640 σύ,
1764 1560 2249 1626 adolescentulae
2292 1561 2673 1638 tribuerunt,
2720 1579 2909 1642 quum
2951 1555 3295 1644 φθίνυλλα
3335 1573 3459 1618 non
3486 1552 3680 1635 possit

439 1660 647 1741 puella
703 1660 1053 1742 appellari·
1120 1662 1255 1726 Hac
1309 1662 1515 1725 autem
1568 1661 1989 1727 emendatione
2042 1680 2287 1744 prorsus
2346 1661 2683 1727 necessaria
2723 1661 2964 1742 recepta
2981 1707 2996 1738 ,
3033 1656 3186 1722 fieri
3242 1675 3363 1720 non
3422 1653 3679 1737 poterat,

438 1759 591 1842 quin
635 1760 824 1825 etiam
866 1761 1041 1843 plura
1085 1758 1488 1827 mutarentur.
1556 1824 1563 1830 ,
1652 1814 1659 1821 .

643 1861 859 1944 Itaque
907 1861 1251 1935 Meinekius
1308 1863 1765 1930 31’1)13(131·1133
1820 1865 2072 1929 initium
2131 1884 2339 1931 versus
2385 1867 2542 1930 934:
2608 1861 2718 1929 ὁδὶ
2773 1860 2896 1946 γάρ
2958 1858 3156 1937 αὐτός
3208 1858 3387 1924 ἐστιν
3440 1855 3677 1940 puellae

441 1959 767 2040 dederunt,
813 1982 870 2026 v.
916 1961 1070 2026 936:
1126 1959 1383 2038 δείξει·
1401 1960 1774 2046 ἀπέρχομαι
1809 1963 2171 2047 juvenculae
2216 1967 2739 2034 continuaverunt.
2810 1965 2930 2031 Sed
2971 1964 3219 2047 gravius
3248 1961 3451 2026 totum
3474 1958 3678 2023 locum

437 2062 791 2143 corruptum
834 2082 963 2127 esse
982 2111 998 2142 ,
1055 2082 1239 2146 quam
1283 2064 1388 2146 qui
1428 2066 1864 2140 ,emendatione
1919 2069 2048 2132 tam
2108 2068 2278 2132 facili
2338 2068 2734 2145 restituatur,
2792 2065 3092 2147 Bergkius
3151 2060 3404 2127 censuit.
3505 2056 3677 2139 Quod

432 2162 571 2247 jure
613 2182 720 2228 333
766 2164 965 2229 virum
1008 2165 1430 2231 doctissimum
1465 2166 1798 2249 judicasse,
1843 2169 1914 2232 ut
1954 2169 2384 2251 intellegatur,
2430 2186 2669 2234 necesse
2714 2169 2835 2244 est,
2866 2167 2934 2230 in
2979 2161 3400 2229 antecedentia
3441 2177 3677 2241 quoque

440 2264 798 2347 diligentius
844 2266 1243 2348 inquiramus
1333 2266 1395 2332 A
1437 2286 1616 2331 versu
1658 2268 1851 2351 igitur
1895 2270 2018 2332 893
2061 2288 2251 2351 usque
2292 2271 2370 2334 ad
2413 2292 2469 2335 v.
2504 2271 2626 2333 923
2669 2288 2819 2333 anus
2868 2268 2980 2331 illa
3021 2267 3083 2331 et
3125 2264 3361 2347 puella,
3419 2277 3678 2342 quarum

440 2364 696 2447 utraque
739 2365 1074 2431 amatorem
1117 2368 1454 2451 exspectat,
1501 2367 1573 2433 de
1619 2369 1887 2435 fenestra
1927 2369 2143 2440 domus
2172 2371 2497 2454 superioris
2512 2370 2568 2452 ²)
2610 2369 2672 2434 in
2701 2369 2867 2434 viam
2909 2363 3336 2450 prospicientes
3353 2410 3368 2440 ,
3412 2358 3678 2426 canendo

437 2466 502 2530 et
557 2466 799 2548 tempus
855 2466 1051 2531 terere
1105 2469 1168 2532 et
1202 2468 1456 2552 juvenes
1499 2470 1743 2535 allicere
1787 2470 2057 2535 student.
2152 2473 2409 2537 Initium
2463 2471 2611 2537 facit
2667 2470 2876 2535 vetula
2918 2473 3052 2546 (vv.
3097 2467 3217 2530 893
3249 2499 3325 2509 -—
3357 2462 3478 2526 899
3495 2461 3556 2543 );
3621 2459 3675 2524 31

436 2566 757 2648 respondet
829 2567 1137 2633 cantilena
1198 2569 1559 2653 juvenculae
1634 2571 1779 2653 (vv.
1838 2573 1961 2636 900
1993 2609 2073 2618 -
2103 2573 2299 2654 905);
2381 2592 2500 2656 qua
2564 2590 2751 2654 quum
2826 2570 2938 2634 illa
3002 2562 3533 2632 vehementissima
3587 2562 3679 2624 ira

436 2666 655 2731 affecta
720 2667 835 2746 sit,
903 2668 1087 2733 tertia
1147 2670 1394 2753 stropha
1451 2671 1595 2754 (W.
1637 2672 2042 2755 906-9110
2099 2673 2385 2740 conviciis
2448 2674 2515 2737 in
2551 2673 2878 2752 ,aemulam
2931 2669 3274 2746 invehitur,
3330 2667 3478 2730 haec
3535 2684 3675 2729 vero

434 2767 719 2849 strophae
749 2769 999 2851 quartae
1045 2770 1184 2851 (w.
1230 2771 1352 2834 912
1370 2807 1451 2817 --
1470 2771 1633 2853 917)
1678 2773 1852 2855 parte
1897 2773 2125 2855 priore,
2170 2775 2405 2842 amator
2449 2774 2610 2857 quod
2651 2772 2920 2838 nondum
2962 2769 3225 2845 venerit,
3272 2765 3674 2849 conqueritur,

432 2869 609 2950 parte
664 2870 857 2934 altera
914 2871 1179 2937 ludibrio
1236 2874 1512 2938 vetulam
1570 2875 1633 2939 et
1673 2873 1945 2940 irrisioni
1996 2875 2200 2942 habet.
2291 2874 2592 2957 ..Sequitur
2650 2874 2905 2956 denique
2962 2872 3028 2935 in
3083 2869 3259 2933 libris
3319 2887 3461 2931 mss,
3520 2867 3583 2930 et
3640 2885 3676 2929 a

433 2969 739 3054 plerisque
782 2971 1115 3038 editoribus
1156 2973 1275 3039 soli
1318 2975 1560 3040 vetulae
1603 2975 1836 3038 tributa
1878 2975 2027 3039 haec
2069 2977 2349 3058 stropha:

1247 3072 1377 3157 ἤδη
1419 3073 1541 3138 τὸν
1579 3072 1698 3136 ἀπ’
1737 3072 1979 3149 Ἰωνίας
2020 3091 2030 3099 “

1245 3169 1493 3254 τρόπον
1536 3170 1822 3234 τάλαινα
1868 3173 2164 3256 κνησιᾷςι

1247 3270 1459 3347 δοκεῖς
1504 3272 1577 3336 δέ
1616 3296 1727 3352 μοι
1771 3281 1883 3338 καὶ
1916 3273 2209 3357 Λάμβδα
2252 3279 2422 3339 κατά
2466 3277 2613 3350 τούς
2658 3281 2992 3357 „tracium

1247 3369 1385 3436 ἄλλ’
1426 3370 1542 3436 οὐκ
1586 3371 1672 3437 ἄν
1716 3374 1879 3440 ποθ’
1919 3371 2353 3460 ὖφαρποῖσαιο

1244 3472 1424 3556 vdua?
1458 3478 1768 3556 παίγνια,
1815 3476 1933 3560 τήν
1980 3478 2036 3538 d
2082 3476 2239 3562 έμήν

1244 3575 1423 3659 αἴραν
1466 3577 1606 3642 οὐκ·
1626 3578 1898 3655 απολεῖς
1940 3576 2077 3643 ουδ’
2125 3578 2486 3664 απολήψει.

648 3673 875 3740 Ultima
918 3676 1130 3742 verba:
1190 3675 1309 3760 τῆν
1353 3675 1412 3738 δ
1453 3678 1615 3762 ἐμήν
1656 3701 1836 3760 ωροον
1879 3679 1991 3744 οὐκ
2039 3678 2309 3742 auolat
2354 3679 2490 3743 01³6
2537 3680 2903 3766 απολῇψιι,
2948 3682 3073 3744 sivo
3117 3679 3190 3742 de
3223 3675 3465 3758 juvenis
3508 3675 3670 3752 flore,

436 3792 648 3838 vocem
690 3772 869 3858 ὤραν
911 3777 1040 3842 sive
1082 3777 1158 3842 de
1200 3778 1362 3861 ejus,
1404 3790 1564 3861 'quae
1604 3782 1802 3846 allicit
1843 3785 2212 3860 amatorem,
2258 3784 2586 3865 acceperis,
2631 3803 2752 3847 anu
2797 3802 3039 3865 proisus
3067 3781 3266 3844 allena
3297 3779 3458 3841 sunt.
3535 3777 3671 3841 Iure

435 3874 651 3958 igitur,
683 3878 733 3940 si
764 3877 912 3959 quid
942 3879 1169 3956 333113,
1198 3879 1501 3963 Bergkius
1529 3882 1654 3945 tres
1683 3883 1937 3948 ultimos
1966 3903 2174 3950 versus
2206 3881 2378 3967 (ἄλλ’
2386 3922 2424 3934 -
2442 3879 2811 3968 απολήψει)
2845 3884 3081 3965 puellae
3109 3880 3305 3956 dedit,
3329 3878 3670 3942 Meinekius

442 3975 551 4038 aut
594 3973 774 4058 ὤραν,
813 3978 1163 4059 corruptum
1206 3979 1315 4043 aut
1355 3998 1495 4044 cum
1522 3980 1786 4062 Bergkio
1828 3981 2171 4046 faciendum
2205 4001 2333 4047 esse
2352 4030 2366 4059 ,
2412 3983 2648 4047 statuit.
2711 3984 2832 4049 Sed
2863 4003 2938 4048 ne
2968 3981 3394 4064 argumentum
3425 3979 3668 4062 quidem

646 4213 684 4279 ‘)
737 4211 809 4290 ef.
841 4211 1003 4265 etiam
1037 4211 1348 4266 Velsenum:
1387 4213 1588 4269 observ.
1628 4218 1745 4272 crit.
1780 4218 1837 4271 in
1873 4218 2040 4272 Arist.
2073 4234 2127 4286 p.
2168 4221 2248 4274 15.

641 4299 686 4368 2)
739 4299 806 4351 of.
842 4297 1099 4352 Kockiurn
1133 4299 1191 4351 in
1227 4297 1478 4353 FleckeiS.
1513 4299 1707 4356 Annal.
1744 4303 1925 4372 Suppl.
1951 4305 2055 4359 III.
2095 4323 2145 4375 p.
2174 4307 2290 4360 287.
