4000 4750
1714 155 2219 222 -13—

1630 362 1635 366 ·
1729 347 1895 412 Plut.
1941 350 2065 415 754
2116 369 2205 432 sq.

550 448 807 526 Plutus,
837 448 943 530 qui
973 448 1112 512 ante
1140 465 1350 512 caecus
1380 446 1606 523 fuerat,
1638 446 1987 528 Aesculapii
2023 448 2311 515 beneficio
2354 452 2602 515 sanatus
2644 451 2755 514 est.
2827 449 2958 530 Quo
2999 449 3159 514 facto
3195 448 3276 513 ad
3301 448 3581 514 homines

334 549 538 632 justos
582 567 647 613 se
690 548 976 627 contulit,
1021 549 1357 629 improbos,
1402 548 1764 630 quibuscum
1819 549 1996 612 antea
2056 549 2336 633 degerat,
2394 551 2574 635 fugit.
2663 549 2766 615 Illi
2812 550 3007 633 igitur
3044 549 3268 634 gaudio
3309 549 3580 614 exsulta-

345 649 526 727 runt,
573 648 645 715 de
685 649 782 715 his
822 668 967 713 vero
1013 647 1189 714 Cario
1230 667 1471 714 servus:
1517 686 1524 693 ·
1582 666 1583 671 ’

1058 796 1063 801 -
1154 748 1305 812 ὅσοι
1348 747 1409 811 δ’
1449 749 1813 816 ἐπλούτουν
1857 750 2091 816 οὐσίαν
2131 752 2189 815 τ’
2228 749 2405 835 εἶχον
2444 754 2685 838 συχνῆν

1158 872 1274 914 ουκ
1315 850 1386 913 εκ
1431 849 1690 916 δικαίου
1731 852 1851 915 τόν
1891 855 2037 935 βίον
2078 856 2456 937 κεκτημένοι

1155 947 1365 1035 ὀφρῦς
1406 952 1684 1033 ξυνῆγον
1725 948 2245 1034 ἐσκυθρώπαζόν
2283 949 2360 1014 θ’
2403 951 2559 1035 ἅμα.

536 1031 819 1117 Horum
833 1070 1121 1117 versuum
1162 1051 1433 1116 medinm
1473 1051 1939 1117 Heimreichius
1969 1052 2270 1134 (Miscell.
2302 1055 2438 1119 crit.
2482 1075 2541 1139 p.
2570 1055 2682 1137 21)
2732 1055 2796 1119 et
2820 1053 3230 1136 Bambergius
3273 1052 3373 1131 (de
3413 1051 3582 1117 Plut.

346 1155 477 1235 111
528 1171 618 1235 sq.
664 1153 726 1217 et
765 1171 824 1234 p.
855 1152 978 1234 34)
1038 1153 1111 1216 ut
1162 1153 1439 1234 spurium
1480 1153 1877 1229 notaverunt3
1936 1172 2193 1235 quorum
2234 1153 2332 1219 illi
2375 1156 2727 1238 scrupulum
2766 1155 3012 1238 injecit,
3057 1154 3220 1236 quod
3264 1171 3473 1218 versus
3516 1151 3583 1216 in

347 1254 558 1320 codice
598 1254 785 1338 longe
821 1254 1344 1335 praestantissimo
1380 1252 1438 1316 R
1483 1271 1606 1318 non
1647 1252 1876 1336 legitur
1893 1301 1908 1331 ,
1964 1253 2107 1318 huic
2149 1254 2593 1320 dubitationem
2633 1255 2830 1321 movit
2869 1272 3052 1320 eausa
3093 1253 3293 1318 multo
3335 1252 3584 1335 gravior

345 1354 528 1432 haee,
574 1353 736 1436 quod
779 1355 1061 1418 constans
1104 1353 1398 1418 sermonis
1432 1334 1656 1417 ‘Graeci
1699 1368 1844 1416 usus
1886 1371 1993 1435 pro
2037 1354 2108 1417 ἐκ
2152 1352 2413 1418 δικαίου
2458 1356 2799 1438 exposceret
2840 1354 2911 1417 ἐκ
2952 1351 3069 1417 τοῦ
3107 1350 3390 1417 δικαίου.
3464 1350 3584 1418 Sed

345 1473 425 1521 ne
481 1454 671 1537 ejecto
730 1453 979 1536 quidem
1039 1454 1152 1518 hoc
1210 1472 1390 1518 versu
1448 1452 1778 1519 difficultas
1836 1454 2034 1521 omnis
2092 1456 2325 1520 remota
2359 1455 2487 1519 est.
2572 1454 2669 1520 Ac
2710 1455 2980 1538 primum
3034 1453 3424 1518 vehementer
3481 1470 3583 1515 me

348 1556 638 1633 offendit,
684 1553 846 1637 quod
889 1553 1255 1618 sententiam
1298 1552 1616 1619 mutilasse
1658 1554 1971 1634 videntur,
2029 1556 2134 1639 qui
2192 1556 2478 1638 peccandi
2534 1557 2879 1632 notionem,
2938 1554 3181 1638 qualem
3233 1552 3418 1618 verba
3470 1550 3582 1616 1113

345 1656 667 1738 suspecta·
733 1650 848 1717 οὐκ
902 1652 972 1716 ἐκ
1031 1638 1289 1715 δικαίου
1341 1651 1473 1716 κτλ.
1533 1654 1849 1733 exhibent,
1902 1665 2145 1738 prorsus
2203 1656 2599 1720 sustulerunt.
2684 1655 2911 1720 Versus
2955 1655 3122 1720 enim
3165 1654 3281 1718 751
3331 1646 3582 1735 81]αοῖ

346 1777 472 1838 γαρ
531 1752 779 1818 ’δίκαιοι
818 1751 1158 1836 ’πρότερον
1215 1750 1399 1827 ὄντες
1456 1759 1569 1815 καὶ
1611 1755 1759 1834 βίον
1795 1751 2052 1835 ἔχοντες
2093 1753 2316 1834 ὀλίγον
2353 1755 2483 1819 κτλ.
2533 1775 2888 1840 comparans
2946 1773 3087 1820 eum
3139 1754 3252 1833 iis,
3303 1753 3372 1817 111
3431 1769 3581 1832 quos

346 1855 652 1937 inquirere
691 1856 996 1937 coepimus
1013 1903 1029 1932 ‚
1074 1873 1295 1937 parum
1336 1855 1667 1919 verisimile
1711 1874 1842 1920 esse
1884 1856 2164 1921 existimo
2180 1905 2195 1934 ,
2240 1857 2305 1921 in
2347 1857 2540 1922 altero
2579 1857 2898 1922 hominum
2940 1874 3160 1941 genere
3189 1848 3579 1919 describendo

352 1955 586 2037 poetam
627 1955 937 2019 notionem
976 1951 1301 2036 probitatis
1347 1955 1739 2036 expressisse,
1781 1956 2195 2038 improbitatis
2235 1957 2300 2020 in
2342 1957 2534 2022 altero
2577 1976 2700 2022 non
2741 1957 2912 2021 item.

549 2054 803 2121 Accedit
844 2055 1040 2120 altera
1076 2054 1326 2120 offensio
1355 2056 1502 2120 haec
1517 2104 1532 2133 ‚
1577 2056 1736 2138 quod
1763 2056 1829 2119 in
1857 2056 2316 2140 elegantissimo
2348 2057 2596 2140 quidem
2622 2057 2802 2139 poeta
2831 2056 3007 2121 tanta
3039 2055 3210 2138 eopia
3235 2054 3577 2130 verborum,

345 2157 640 2239 quantam
679 2156 931 2239 praebet
970 2174 1029 2221 v.
1062 2155 1216 2221 754:
1260 2153 1404 2220 ὅσοι
1451 2153 1510 2218 δ’
1550 2153 1915 2220 ἐπλούτουν
1954 2153 2186 2221 οὐσίαν
2225 2154 2285 2220 ’τ’
2318 2154 2496 2239 εἶχον
2537 2154 2812 2241 συχνήν,
2854 2174 3111 2240 qnorum
3152 2156 3374 2220 ultima
3413 2154 3577 2219 idem

342 2256 694 2340 significant
732 2256 892 2340 quod
932 2255 1186 2321 verbum
1228 2252 1617 2336 ἐπλούτουν,
1666 2257 2011 2340 suspicione
2051 2259 2424 2340 corruptelae
2469 2278 2591 2323 non
2630 2259 2827 2323 vacat.
2906 2257 3072 2338 Quae
3114 2275 3254 2321 cum
3296 2257 3386 2320 ita
3429 2255 3575 2331 sint,

343 2359 559 2425 dubito
601 2378 681 2423 an
719 2360 931 2442 poetae
972 2378 1080 2442 pro
1117 2357 1350 2451 duobus
1391 2358 1523 2424 illis
1564 2358 1841 2424 versibus
1883 2356 2030 2423 ὅσοι
2058 2392 2099 2408 -
2127 2361 2503 2445 κεκτημένοι
2545 2379 2703 2425 1111118
2743 2357 3157 2425 restituendus
3200 2356 3285 2421 sit
3324 2355 3459 2422 hic:

1151 2456 1300 2522 ὅσοι
1345 2455 1405 2521 δ’
1441 2456 1879 2541 ἐκακούργουν
1918 2456 2151 2523 οὐσίαν
2194 2458 2253 2522 τ’
2293 2456 2469 2541 εἶχον
2509 2458 2768 2544 συχνήν.

343 2561 513 2643 Quae
556 2579 745 2642 quum
790 2560 1086 2641 explicata
1126 2559 1331 2625 essent
1370 2559 1450 2623 ab
1488 2560 1820 2642 interprete
1856 2580 1931 2624 ·v.
1977 2561 2014 2625 7
2019 2561 2095 2624 51
2151 2579 2242 2644 sq.
2298 2560 2657 2643 respiciente
2672 2584 2691 2623 .·
2750 2556 2898 2623 ὅσοι
2943 2556 3000 2621 δ’
3041 2554 3405 2622 ἐπλούτουν
3459 2552 3576 2621 οὔκ

342 2659 415 2722 ἐκ
457 2660 578 2723 τοῦ
621 2656 882 2722 δικαίου
924 2659 1043 2721 τόν
1080 2660 1230 2741 βίον
1270 2660 1647 2744 κεκτημένοι
1690 2678 1792 2740 ea,
1848 2678 2000 2744 quae
2044 2679 2205 2725 nunc
2260 2661 2327 2725 in
2376 2661 2556 2726 libris
2607 2679 2753 2725 mss.
2810 2662 3109 2742 legimuS‚
3149 2660 3576 2743 conglutinata

345 2760 489 2826 sint.
590 2758 710 2825 Sed
765 2758 1070 2823 extremus
1129 2777 1364 2840 quoque
1406 2777 1619 2826 versus
1644 2781 1648 2788 ·
1669 2762 1789 2826 loci
1843 2761 2221 2827 vexatissimi
2278 2765 2545 2828 errorem
2578 2755 2809 2845 'procul
2862 2762 3046 2827 dubio
3102 2763 3309 2828 traxit.
3408 2762 3575 2828 Nam

343 2879 533 2942 quum
588 2858 915 2924 verborum
970 2855 1177 2943 ὀφρῦς
1230 2859 1511 2943 ξυνῆγον
1565 2861 1630 2925 et
1683 2860 2201 2944 ἕοκυθρώπαζον
2269 2859 2533 2928 alterum
2589 2862 2780 2928 altero
2836 2862 3168 2944 explicetur
3184 2911 3201 2942 ‚
3258 2880 3378 2928 non
3432 2862 3575 2927 novi

342 2960 675 3042 quidquam
718 2959 832 3048 hoc
869 2959 1170 3025 indicetur
1186 3008 1201 3037 ‚
1244 2960 1612 3026 adverbium·
1647 2960 1788 3041 ἅμα
1826 2963 2180 3043 corruptum
2223 2981 2353 3028 esse
2389 2962 2526 3046 jure
2568 2982 2675 3029 suo
2718 2964 3062 3029 Meinekius
3091 2964 3329 3029 Vindic.
3357 2984 3418 3046 p.
3449 2964 3571 3029 215

338 3061 580 3125 statuit.
665 3059 847 3140 Quod
882 3058 1004 3124 nisi
1041 3060 1241 3126 altera
1280 3060 1552 3125 obstaret
1591 3062 1842 3127 offensio
1884 3081 1922 3125 a
1961 3063 2093 3126 viro
2132 3065 2376 3147 egregio
2403 3083 2524 3131 non
2553 3065 2765 3129 notata
2778 3113 2794 3143 ‚
2822 3065 3087 3130 libenter
3114 3060 3179 3130 111
3207 3065 3571 3130 sententiam

341 3161 471 3243 03118
498 3159 884 3225 concederem
909 3159 1360 3240 lacunamspost
1385 3159 1549 3226 hunc
1575 3180 1820 3228 versum
1845 3161 2191 3229 indicantis.
2248 3163 2340 3229 At
2366 3183 2666 3248 nusquam
2686 3165 2950 3230 memini·
2964 3184 3063 3229 me
3083 3165 3338 3249 legisse:
3369 3163 3574 3252 ὀφρῦς

345 3258 698 3341 ἀνασπᾶν,
739 3255 945 3343 ὀφρῦς
972 3260 1069 3325 vel
1094 3259 1370 3339 μέτωπα
1401 3257 1709 3342 συνάγειν
1736 3262 1995 3328 arfficulo
2033 3279 2156 3328 11011
2198 3265 2425 3330 addito.
2502 3265 2578 3329 cf.
2624 3265 2778 3330 Ach.
2812 3267 3006 3331 1069:
3051 3265 3316 3351 καὶμὴν
3341 3262 3450 3331 ὅδί
3475 3277 3575 3343 τις

346 3358 463 3433 τοὶς
505 3357 711 3446 ὀφρῦς
752 3356 1176 3439 ἀνεσπακώς,
1233 3359 1454 3442 ὥσπερ
1508 3384 1573 3422 τι
1631 3359 1855 3427 δεινὸν
1905 3361 2230 3445 ἀγγελῶν,
2271 3365 2615 3445 ἐπείγεται.
2641 3415 2657 3445 ,
2697 3368 2861 3431 Nub.
2907 3369 3028 3432 582
3072 3388 3162 3452 sq.
3205 3368 3326 3442 τοὶς
3365 3367 3573 3453 ὀφρῦς
3687 3411 3692 3416 -

345 3456 703 3541 συνήγομεν
758 3454 1165 3539 κάποιοῦμεν
1220 3457 1469 3538 δεινὼ,
1525 3461 1666 3545 LyS.
1713 3462 1749 3526 7
1794 3482 1918 3545 sq.v:
1982 3462 2074 3547 μή
2120 3463 2551 3549 σκυθρώπαζ’
2588 3461 2642 3529 αἰ
2687 3469 2956 3531 τέκνον
3016 3465 3095 3532 οὔ
3150 3468 3271 3550 γὰρ
3326 3470 3572 3549 πρέπει

342 3574 445 3623 σοι
489 3561 866 3635 τοξοποιεῖν
903 3556 1025 3634 τοὶς
1067 3555 1288 3644 ὀφρῦς.
1309 3604 1329 3638 ,
1368 3560 1614 3640 AlexiS,
1656 3562 1845 3627 Mein.
1883 3564 2068 3647 frgm.
2098 3582 2249 3630 eom.
2284 3566 2412 3644 ΠΙ,
2456 3567 2610 3632 391:
2656 3565 2811 3642 τούς
2849 3570 2972 3649 μὲν
3013 3565 3412 3651 στρατηγοΰς
3450 3565 3574 3643 τοὶς

342 3657 550 3745 ὀφρῦς
592 3656 713 3720 §dv
754 3656 873 3722 ἴδω
917 3657 1393 3736 οἷνασπακότας
1435 3660 1660 3726 δεινδν
1696 3665 1819 3743 μὲν
1862 3659 2142 3750 ἡγοῦμαι,
2181 3676 2405 3729 ποιεῖν
2447 3665 2614 3743 κτλ.,
2660 3668 2920 3733 Ρ11110111.
2951 3668 3137 3732 Μο111.
3169 3669 3211 3732 1.
3241 3669 3282 3732 1.
3311 3668 3421 3745 IV,
3453 3668 3568 3732 56:

341 3756 469 3822 κᾶν
508 3758 693 3839 μέχρι
720 3760 995 3844 ,νεφέων
1030 3757 1169 3841 τήν,
1192 3758 1402 3845 ὄφρῦν
1443 3757 1887 3850 ἀντισπάσῃς,
1940 3764 2206 3828 Menand
2248 3765 2436 3830 Mein.
2479 3766 2523 3848 l,
2565 3766 2609 3829 l.
2652 3767 2761 3843 IV,
2806 3769 2960 3831 242:
3021 3765 3138 3830 οὐκ
3193 3764 3334 3830 ἄνω
3392 3765 3567 3829 οἰνα-

340 3856 607 3935 σπάσας
657 3880 757 3933 τις
797 3858 915 3933 τοὶς
954 3856 1213 3944 ὀφρῦς,
1272 3862 1608 3944 Antiphan.
1650 3864 1693 3928 1.
1737 3863 1781 3927 l.
1827 3864 1952 3942 HI,
2014 3864 2169 3930 158:
2221 3861 2310 3927 ὀὐ
2361 3863 2585 3929 δεινόν
2636 3866 2772 3930 ἐστι
2825 3865 3256 3954 προσφάτους
3309 3870 3433 3949 μὲν
3487 3868 3575 3933 ἄν

341 3957 500 4047 τύχῃ
569 3956 810 4026 πωλῶν
856 4033 863 4038 ‚
895 3981 993 4034 τις
1076 3961 1269 4039 ἰχθῦς.
1337 3959 1800 4043 συναγαγόντα
1851 3962 1998 4038 τοὶς
2068 3961 2274 4049 ὀφρῦς
2342 3966 2583 4028 τοῦτον
2655 3964 3226 4048 σκυθρωπάζοντα
3292 3966 3365 4030 θ’
3418 3962 3574 4051 ἡμῖν

343 4057 767 4138 προςλαλεῖ’ν;
825 4059 1090 4142 Amphis
1132 4062 1176 4128 l.
1216 4061 1262 4125 1.
1304 4062 1436 4140 ΙΠ,
1480 4064 1636 4128 305:
1700 4059 1754 4127 ὦ
1805 4062 2121 4144 Πλάτων,
2186 4060 2270 4141 οἷς
2327 4062 2521 4130 οὐδὲν
2570 4061 2777 4129 οἶσθα
2834 4063 3007 4149 πλῆν
3063 4066 3573 4149 σκυθρωπάζειν

340 4154 547 4238 μόνον
622 4159 842 4243 ὥσπερ
935 4157 1198 4240 κοχλιοῖς
1239 4163 1484 4242 σεμνῶς
1538 4162 1829 4249 ἐπηρκώς
1881 4165 2002 4240 τας
2057 4163 2263 4251 ὅφρῧς
2279 4213 2302 4247 ,
2370 4167 2484 4249 Eq.
2544 4168 2658 4230 631
2721 4163 3017 4252 κᾶβλεψε
3071 4169 3257 4231 νᾶπυ
3317 4173 3429 4230 καὶ
3484 4165 3571 4230 τοὶ

339 4257 586 4341 μέτωπ’
613 4258 1030 4343 ἀνέσπασεν,
1075 4263 1256 4348 Vesp.
1297 4264 1453 4331 655:
1498 4261 1823 4349 ἀκρόασαί
1845 4287 1994 4347 νυν,
2034 4260 2087 4329 (ὅ
2114 4265 2521 4347 παππίδιον,
2549 4263 2841 4348 χαλάσας
2868 4262 3089 4348 ὀλίγον
3128 4266 3205 4331 τδ
3245 4269 3562 4349 μέτωπον.
